Time_ms,Timestamp_UTC,Event,Asset_ID,Bid,Ask,Trade_Price,Trade_Side
20.783,2025-12-03 09:22:48.530326,price_change,103262444251711882137196701351143742111166718788614018342840531449333300820992,0.71,0.72,N/A,N/A
22.983,2025-12-03 09:22:48.553297,price_change,104847493482681394039490230886226316127712574809887359959075235909796533321336,0.28,0.29,N/A,N/A
674.929,2025-12-03 09:22:49.184461,last_trade_price,103262444251711882137196701351143742111166718788614018342840531449333300820992,N/A,N/A,0.72,BUY
686.235,2025-12-03 09:22:49.239534,price_change,104847493482681394039490230886226316127712574809887359959075235909796533321336,0.26,0.29,N/A,N/A
0.222,2025-12-03 09:22:49.239746,price_change,103262444251711882137196701351143742111166718788614018342840531449333300820992,0.71,0.74,N/A,N/A
101.887,2025-12-03 09:22:49.286355,last_trade_price,103262444251711882137196701351143742111166718788614018342840531449333300820992,N/A,N/A,0.73,BUY
53.425,2025-12-03 09:22:49.293176,price_change,103262444251711882137196701351143742111166718788614018342840531449333300820992,0.71,0.73,N/A,N/A
30.898,2025-12-03 09:22:49.324077,price_change,104847493482681394039490230886226316127712574809887359959075235909796533321336,0.27,0.29,N/A,N/A
178.141,2025-12-03 09:22:49.464488,last_trade_price,103262444251711882137196701351143742111166718788614018342840531449333300820992,N/A,N/A,0.71,SELL
878.491,2025-12-03 09:22:50.342984,last_trade_price,104847493482681394039490230886226316127712574809887359959075235909796533321336,N/A,N/A,0.29,BUY
480.227,2025-12-03 09:22:50.823208,last_trade_price,103262444251711882137196701351143742111166718788614018342840531449333300820992,N/A,N/A,0.73,BUY
1418.920,2025-12-03 09:22:52.242128,last_trade_price,104847493482681394039490230886226316127712574809887359959075235909796533321336,N/A,N/A,0.29,BUY
3010.515,2025-12-03 09:22:52.334598,price_change,104847493482681394039490230886226316127712574809887359959075235909796533321336,0.28,0.29,N/A,N/A
4.275,2025-12-03 09:22:52.338863,price_change,103262444251711882137196701351143742111166718788614018342840531449333300820992,0.71,0.72,N/A,N/A
195.086,2025-12-03 09:22:52.437212,last_trade_price,103262444251711882137196701351143742111166718788614018342840531449333300820992,N/A,N/A,0.71,SELL
370.753,2025-12-03 09:22:52.807965,last_trade_price,103262444251711882137196701351143742111166718788614018342840531449333300820992,N/A,N/A,0.72,BUY
574.018,2025-12-03 09:22:52.912891,price_change,104847493482681394039490230886226316127712574809887359959075235909796533321336,0.27,0.29,N/A,N/A
0.215,2025-12-03 09:22:52.913091,price_change,103262444251711882137196701351143742111166718788614018342840531449333300820992,0.71,0.73,N/A,N/A
139.484,2025-12-03 09:22:52.947446,last_trade_price,103262444251711882137196701351143742111166718788614018342840531449333300820992,N/A,N/A,0.73,BUY
859.419,2025-12-03 09:22:53.806869,last_trade_price,103262444251711882137196701351143742111166718788614018342840531449333300820992,N/A,N/A,0.73,BUY
1628.618,2025-12-03 09:22:54.541718,price_change,104847493482681394039490230886226316127712574809887359959075235909796533321336,0.28,0.29,N/A,N/A
2.212,2025-12-03 09:22:54.543922,price_change,103262444251711882137196701351143742111166718788614018342840531449333300820992,0.71,0.72,N/A,N/A
1385.220,2025-12-03 09:22:55.192088,last_trade_price,103262444251711882137196701351143742111166718788614018342840531449333300820992,N/A,N/A,0.71,SELL
1097.336,2025-12-03 09:22:55.641266,price_change,104847493482681394039490230886226316127712574809887359959075235909796533321336,0.27,0.29,N/A,N/A
7.510,2025-12-03 09:22:55.648769,price_change,103262444251711882137196701351143742111166718788614018342840531449333300820992,0.71,0.73,N/A,N/A
50.817,2025-12-03 09:22:55.699592,price_change,103262444251711882137196701351143742111166718788614018342840531449333300820992,0.72,0.73,N/A,N/A
1104.108,2025-12-03 09:22:56.296201,last_trade_price,103262444251711882137196701351143742111166718788614018342840531449333300820992,N/A,N/A,0.73,BUY
43.921,2025-12-03 09:22:56.340116,last_trade_price,103262444251711882137196701351143742111166718788614018342840531449333300820992,N/A,N/A,0.73,BUY
8.239,2025-12-03 09:22:56.348351,last_trade_price,103262444251711882137196701351143742111166718788614018342840531449333300820992,N/A,N/A,0.73,BUY
4.266,2025-12-03 09:22:56.352614,last_trade_price,103262444251711882137196701351143742111166718788614018342840531449333300820992,N/A,N/A,0.73,BUY
2.887,2025-12-03 09:22:56.355500,last_trade_price,103262444251711882137196701351143742111166718788614018342840531449333300820992,N/A,N/A,0.73,BUY
0.274,2025-12-03 09:22:56.355773,last_trade_price,103262444251711882137196701351143742111166718788614018342840531449333300820992,N/A,N/A,0.73,BUY
4.495,2025-12-03 09:22:56.360269,last_trade_price,103262444251711882137196701351143742111166718788614018342840531449333300820992,N/A,N/A,0.73,BUY
34.957,2025-12-03 09:23:39.524828,last_trade_price,103262444251711882137196701351143742111166718788614018342840531449333300820992,N/A,N/A,0.66,BUY
89.272,2025-12-03 09:23:39.579132,price_change,103262444251711882137196701351143742111166718788614018342840531449333300820992,0.65,0.66,N/A,N/A
83.699,2025-12-03 09:23:39.608506,last_trade_price,104847493482681394039490230886226316127712574809887359959075235909796533321336,N/A,N/A,0.34,SELL
162.822,2025-12-03 09:23:39.771334,last_trade_price,103262444251711882137196701351143742111166718788614018342840531449333300820992,N/A,N/A,0.66,BUY
243.166,2025-12-03 09:23:39.822299,price_change,104847493482681394039490230886226316127712574809887359959075235909796533321336,0.34,0.35,N/A,N/A
2001.441,2025-12-03 09:23:41.823742,price_change,103262444251711882137196701351143742111166718788614018342840531449333300820992,0.64,0.65,N/A,N/A
0.111,2025-12-03 09:23:41.823836,price_change,104847493482681394039490230886226316127712574809887359959075235909796533321336,0.35,0.36,N/A,N/A
2082.547,2025-12-03 09:23:41.853877,last_trade_price,103262444251711882137196701351143742111166718788614018342840531449333300820992,N/A,N/A,0.65,SELL
283.113,2025-12-03 09:23:42.106965,price_change,103262444251711882137196701351143742111166718788614018342840531449333300820992,0.64,0.67,N/A,N/A
50.680,2025-12-03 09:23:42.157644,price_change,104847493482681394039490230886226316127712574809887359959075235909796533321336,0.33,0.36,N/A,N/A
230.788,2025-12-03 09:23:42.388434,price_change,104847493482681394039490230886226316127712574809887359959075235909796533321336,0.33,0.35,N/A,N/A
69.045,2025-12-03 09:23:42.457473,price_change,103262444251711882137196701351143742111166718788614018342840531449333300820992,0.65,0.67,N/A,N/A
139.368,2025-12-03 09:23:42.596848,price_change,104847493482681394039490230886226316127712574809887359959075235909796533321336,0.34,0.35,N/A,N/A
319.705,2025-12-03 09:23:42.916551,price_change,103262444251711882137196701351143742111166718788614018342840531449333300820992,0.65,0.66,N/A,N/A
37.657,2025-12-03 09:23:42.954201,price_change,104847493482681394039490230886226316127712574809887359959075235909796533321336,0.33,0.35,N/A,N/A
29.952,2025-12-03 09:23:42.984158,price_change,103262444251711882137196701351143742111166718788614018342840531449333300820992,0.65,0.67,N/A,N/A
1259.232,2025-12-03 09:23:43.113110,last_trade_price,104847493482681394039490230886226316127712574809887359959075235909796533321336,N/A,N/A,0.35,BUY
1030.730,2025-12-03 09:23:44.014884,price_change,104847493482681394039490230886226316127712574809887359959075235909796533321336,0.34,0.35,N/A,N/A
117.934,2025-12-03 09:23:44.132822,price_change,103262444251711882137196701351143742111166718788614018342840531449333300820992,0.65,0.66,N/A,N/A
1197.443,2025-12-03 09:23:44.310555,last_trade_price,104847493482681394039490230886226316127712574809887359959075235909796533321336,N/A,N/A,0.35,BUY
356.575,2025-12-03 09:23:44.489403,price_change,104847493482681394039490230886226316127712574809887359959075235909796533321336,0.33,0.35,N/A,N/A
99.995,2025-12-03 09:23:44.589403,price_change,103262444251711882137196701351143742111166718788614018342840531449333300820992,0.65,0.67,N/A,N/A
1521.925,2025-12-03 09:23:45.832480,last_trade_price,104847493482681394039490230886226316127712574809887359959075235909796533321336,N/A,N/A,0.35,BUY
171.546,2025-12-03 09:23:46.004024,last_trade_price,103262444251711882137196701351143742111166718788614018342840531449333300820992,N/A,N/A,0.65,SELL
7.344,2025-12-03 09:23:46.011364,last_trade_price,103262444251711882137196701351143742111166718788614018342840531449333300820992,N/A,N/A,0.65,SELL
11.913,2025-12-03 09:23:46.023277,last_trade_price,103262444251711882137196701351143742111166718788614018342840531449333300820992,N/A,N/A,0.65,SELL
5.352,2025-12-03 09:23:46.028680,last_trade_price,103262444251711882137196701351143742111166718788614018342840531449333300820992,N/A,N/A,0.65,SELL
6.265,2025-12-03 09:23:46.034891,last_trade_price,103262444251711882137196701351143742111166718788614018342840531449333300820992,N/A,N/A,0.65,SELL
1694.695,2025-12-03 09:23:47.729593,last_trade_price,103262444251711882137196701351143742111166718788614018342840531449333300820992,N/A,N/A,0.67,BUY
870.862,2025-12-03 09:23:48.600455,last_trade_price,104847493482681394039490230886226316127712574809887359959075235909796533321336,N/A,N/A,0.35,BUY
4019.989,2025-12-03 09:23:48.609376,price_change,104847493482681394039490230886226316127712574809887359959075235909796533321336,0.33,0.36,N/A,N/A
25.411,2025-12-03 09:23:48.625862,last_trade_price,103262444251711882137196701351143742111166718788614018342840531449333300820992,N/A,N/A,0.67,BUY
101.593,2025-12-03 09:23:48.710977,price_change,104847493482681394039490230886226316127712574809887359959075235909796533321336,0.33,0.35,N/A,N/A
204.734,2025-12-03 09:23:48.830600,last_trade_price,104847493482681394039490230886226316127712574809887359959075235909796533321336,N/A,N/A,0.35,BUY
202.993,2025-12-03 09:23:48.913968,price_change,104847493482681394039490230886226316127712574809887359959075235909796533321336,0.33,0.36,N/A,N/A
89.800,2025-12-03 09:23:48.920393,last_trade_price,103262444251711882137196701351143742111166718788614018342840531449333300820992,N/A,N/A,0.67,BUY
91.300,2025-12-03 09:23:49.005271,price_change,103262444251711882137196701351143742111166718788614018342840531449333300820992,0.64,0.67,N/A,N/A
12.146,2025-12-03 09:23:49.017406,price_change,103262444251711882137196701351143742111166718788614018342840531449333300820992,0.65,0.67,N/A,N/A
15.561,2025-12-03 09:23:49.032969,price_change,104847493482681394039490230886226316127712574809887359959075235909796533321336,0.33,0.35,N/A,N/A
482.635,2025-12-03 09:23:49.403036,last_trade_price,104847493482681394039490230886226316127712574809887359959075235909796533321336,N/A,N/A,0.35,BUY
862.695,2025-12-03 09:23:49.895670,price_change,103262444251711882137196701351143742111166718788614018342840531449333300820992,0.66,0.67,N/A,N/A
1056.677,2025-12-03 09:23:50.459717,last_trade_price,103262444251711882137196701351143742111166718788614018342840531449333300820992,N/A,N/A,0.66,SELL
293.948,2025-12-03 09:23:50.753660,last_trade_price,103262444251711882137196701351143742111166718788614018342840531449333300820992,N/A,N/A,0.67,BUY
326.608,2025-12-03 09:23:51.080269,last_trade_price,103262444251711882137196701351143742111166718788614018342840531449333300820992,N/A,N/A,0.66,SELL
1529.508,2025-12-03 09:23:52.609778,last_trade_price,104847493482681394039490230886226316127712574809887359959075235909796533321336,N/A,N/A,0.33,SELL
246.225,2025-12-03 09:23:52.856001,last_trade_price,103262444251711882137196701351143742111166718788614018342840531449333300820992,N/A,N/A,0.67,BUY
3079.955,2025-12-03 09:23:52.975622,price_change,104847493482681394039490230886226316127712574809887359959075235909796533321336,0.32,0.34,N/A,N/A
3.019,2025-12-03 09:23:52.978633,price_change,103262444251711882137196701351143742111166718788614018342840531449333300820992,0.66,0.68,N/A,N/A
69.238,2025-12-03 09:23:53.047878,price_change,103262444251711882137196701351143742111166718788614018342840531449333300820992,0.67,0.68,N/A,N/A
3.139,2025-12-03 09:23:53.051008,price_change,104847493482681394039490230886226316127712574809887359959075235909796533321336,0.32,0.33,N/A,N/A
203.034,2025-12-03 09:23:53.059027,last_trade_price,104847493482681394039490230886226316127712574809887359959075235909796533321336,N/A,N/A,0.32,SELL
17.784,2025-12-03 09:23:53.076813,last_trade_price,104847493482681394039490230886226316127712574809887359959075235909796533321336,N/A,N/A,0.32,SELL
198.268,2025-12-03 09:23:53.275087,last_trade_price,104847493482681394039490230886226316127712574809887359959075235909796533321336,N/A,N/A,0.32,SELL
165.880,2025-12-03 09:23:53.440967,last_trade_price,104847493482681394039490230886226316127712574809887359959075235909796533321336,N/A,N/A,0.33,BUY
314.049,2025-12-03 09:23:53.755020,last_trade_price,103262444251711882137196701351143742111166718788614018342840531449333300820992,N/A,N/A,0.68,BUY
360.361,2025-12-03 09:23:54.115380,last_trade_price,103262444251711882137196701351143742111166718788614018342840531449333300820992,N/A,N/A,0.67,SELL
0.818,2025-12-03 09:23:54.116189,last_trade_price,103262444251711882137196701351143742111166718788614018342840531449333300820992,N/A,N/A,0.67,SELL
6.801,2025-12-03 09:23:54.122991,last_trade_price,103262444251711882137196701351143742111166718788614018342840531449333300820992,N/A,N/A,0.67,SELL
2.514,2025-12-03 09:23:54.125504,last_trade_price,103262444251711882137196701351143742111166718788614018342840531449333300820992,N/A,N/A,0.67,SELL
0.952,2025-12-03 09:23:54.126454,last_trade_price,103262444251711882137196701351143742111166718788614018342840531449333300820992,N/A,N/A,0.67,SELL
2.151,2025-12-03 09:23:54.128606,last_trade_price,103262444251711882137196701351143742111166718788614018342840531449333300820992,N/A,N/A,0.67,SELL
3.114,2025-12-03 09:23:54.131721,last_trade_price,103262444251711882137196701351143742111166718788614018342840531449333300820992,N/A,N/A,0.67,SELL
162.455,2025-12-03 09:23:54.294183,last_trade_price,104847493482681394039490230886226316127712574809887359959075235909796533321336,N/A,N/A,0.32,SELL
68.752,2025-12-03 09:23:54.362934,last_trade_price,103262444251711882137196701351143742111166718788614018342840531449333300820992,N/A,N/A,0.68,BUY
1325.336,2025-12-03 09:23:54.376350,price_change,103262444251711882137196701351143742111166718788614018342840531449333300820992,0.68,0.69,N/A,N/A
0.137,2025-12-03 09:23:54.376480,price_change,104847493482681394039490230886226316127712574809887359959075235909796533321336,0.31,0.32,N/A,N/A
20.539,2025-12-03 09:23:54.383467,last_trade_price,103262444251711882137196701351143742111166718788614018342840531449333300820992,N/A,N/A,0.68,BUY
12.754,2025-12-03 09:23:54.396220,last_trade_price,104847493482681394039490230886226316127712574809887359959075235909796533321336,N/A,N/A,0.32,SELL
3.981,2025-12-03 09:23:54.400201,last_trade_price,103262444251711882137196701351143742111166718788614018342840531449333300820992,N/A,N/A,0.68,BUY
189.836,2025-12-03 09:23:54.590045,last_trade_price,104847493482681394039490230886226316127712574809887359959075235909796533321336,N/A,N/A,0.31,SELL
352.329,2025-12-03 09:23:54.942373,last_trade_price,103262444251711882137196701351143742111166718788614018342840531449333300820992,N/A,N/A,0.69,BUY
571.730,2025-12-03 09:23:54.948213,price_change,103262444251711882137196701351143742111166718788614018342840531449333300820992,0.67,0.69,N/A,N/A
0.109,2025-12-03 09:23:54.948320,price_change,104847493482681394039490230886226316127712574809887359959075235909796533321336,0.31,0.33,N/A,N/A
38.930,2025-12-03 09:23:54.987260,price_change,103262444251711882137196701351143742111166718788614018342840531449333300820992,0.68,0.69,N/A,N/A
14.227,2025-12-03 09:23:55.001479,price_change,104847493482681394039490230886226316127712574809887359959075235909796533321336,0.31,0.32,N/A,N/A
83.006,2025-12-03 09:23:55.025374,last_trade_price,104847493482681394039490230886226316127712574809887359959075235909796533321336,N/A,N/A,0.32,BUY
35.803,2025-12-03 09:23:55.037283,price_change,103262444251711882137196701351143742111166718788614018342840531449333300820992,0.67,0.69,N/A,N/A
28.969,2025-12-03 09:23:55.066251,price_change,104847493482681394039490230886226316127712574809887359959075235909796533321336,0.31,0.33,N/A,N/A
286.407,2025-12-03 09:23:55.352665,price_change,104847493482681394039490230886226316127712574809887359959075235909796533321336,0.32,0.33,N/A,N/A
465.249,2025-12-03 09:23:55.817912,price_change,104847493482681394039490230886226316127712574809887359959075235909796533321336,0.31,0.33,N/A,N/A
902.812,2025-12-03 09:23:55.928192,last_trade_price,104847493482681394039490230886226316127712574809887359959075235909796533321336,N/A,N/A,0.33,BUY
12.497,2025-12-03 09:23:55.940684,last_trade_price,103262444251711882137196701351143742111166718788614018342840531449333300820992,N/A,N/A,0.67,SELL
129.106,2025-12-03 09:23:55.947086,price_change,104847493482681394039490230886226316127712574809887359959075235909796533321336,0.31,0.32,N/A,N/A
9.320,2025-12-03 09:23:55.956337,price_change,103262444251711882137196701351143742111166718788614018342840531449333300820992,0.68,0.69,N/A,N/A
72.459,2025-12-03 09:23:56.028805,price_change,103262444251711882137196701351143742111166718788614018342840531449333300820992,0.67,0.69,N/A,N/A
157.545,2025-12-03 09:23:56.186375,price_change,104847493482681394039490230886226316127712574809887359959075235909796533321336,0.31,0.33,N/A,N/A
170.763,2025-12-03 09:23:56.357109,price_change,104847493482681394039490230886226316127712574809887359959075235909796533321336,0.32,0.33,N/A,N/A
118.121,2025-12-03 09:23:56.475227,price_change,103262444251711882137196701351143742111166718788614018342840531449333300820992,0.66,0.68,N/A,N/A
1.175,2025-12-03 09:23:56.476395,price_change,104847493482681394039490230886226316127712574809887359959075235909796533321336,0.32,0.34,N/A,N/A
19.413,2025-12-03 09:23:56.495810,price_change,103262444251711882137196701351143742111166718788614018342840531449333300820992,0.66,0.67,N/A,N/A
8.582,2025-12-03 09:23:56.504393,price_change,104847493482681394039490230886226316127712574809887359959075235909796533321336,0.33,0.34,N/A,N/A
980.626,2025-12-03 09:23:56.921316,last_trade_price,104847493482681394039490230886226316127712574809887359959075235909796533321336,N/A,N/A,0.34,BUY
431.935,2025-12-03 09:23:56.936328,price_change,103262444251711882137196701351143742111166718788614018342840531449333300820992,0.65,0.67,N/A,N/A
20.830,2025-12-03 09:23:56.942137,last_trade_price,104847493482681394039490230886226316127712574809887359959075235909796533321336,N/A,N/A,0.34,BUY
7.030,2025-12-03 09:23:56.943355,price_change,104847493482681394039490230886226316127712574809887359959075235909796533321336,0.34,0.35,N/A,N/A
13.337,2025-12-03 09:23:56.956692,price_change,103262444251711882137196701351143742111166718788614018342840531449333300820992,0.65,0.66,N/A,N/A
15.643,2025-12-03 09:23:56.957779,last_trade_price,103262444251711882137196701351143742111166718788614018342840531449333300820992,N/A,N/A,0.66,SELL
11.409,2025-12-03 09:23:56.969191,last_trade_price,103262444251711882137196701351143742111166718788614018342840531449333300820992,N/A,N/A,0.65,SELL
65.898,2025-12-03 09:23:57.022595,price_change,104847493482681394039490230886226316127712574809887359959075235909796533321336,0.33,0.35,N/A,N/A
2.972,2025-12-03 09:23:57.025562,price_change,103262444251711882137196701351143742111166718788614018342840531449333300820992,0.65,0.67,N/A,N/A
28.127,2025-12-03 09:23:57.053692,price_change,103262444251711882137196701351143742111166718788614018342840531449333300820992,0.65,0.66,N/A,N/A
7.684,2025-12-03 09:23:57.061375,price_change,104847493482681394039490230886226316127712574809887359959075235909796533321336,0.34,0.35,N/A,N/A
160.408,2025-12-03 09:23:57.221795,price_change,103262444251711882137196701351143742111166718788614018342840531449333300820992,0.64,0.66,N/A,N/A
6.047,2025-12-03 09:23:57.227833,price_change,104847493482681394039490230886226316127712574809887359959075235909796533321336,0.34,0.36,N/A,N/A
300.965,2025-12-03 09:23:57.270163,last_trade_price,103262444251711882137196701351143742111166718788614018342840531449333300820992,N/A,N/A,0.66,BUY
2.225,2025-12-03 09:23:57.272380,last_trade_price,103262444251711882137196701351143742111166718788614018342840531449333300820992,N/A,N/A,0.65,SELL
90.092,2025-12-03 09:23:57.317931,price_change,103262444251711882137196701351143742111166718788614018342840531449333300820992,0.64,0.67,N/A,N/A
0.071,2025-12-03 09:23:57.317987,price_change,104847493482681394039490230886226316127712574809887359959075235909796533321336,0.33,0.36,N/A,N/A
74.911,2025-12-03 09:23:57.347297,last_trade_price,104847493482681394039490230886226316127712574809887359959075235909796533321336,N/A,N/A,0.33,SELL
150.051,2025-12-03 09:23:57.468053,price_change,103262444251711882137196701351143742111166718788614018342840531449333300820992,0.66,0.67,N/A,N/A
0.078,2025-12-03 09:23:57.468117,price_change,104847493482681394039490230886226316127712574809887359959075235909796533321336,0.33,0.34,N/A,N/A
342.099,2025-12-03 09:23:57.689403,last_trade_price,103262444251711882137196701351143742111166718788614018342840531449333300820992,N/A,N/A,0.66,SELL
345.304,2025-12-03 09:23:57.813431,price_change,103262444251711882137196701351143742111166718788614018342840531449333300820992,0.64,0.67,N/A,N/A
158.946,2025-12-03 09:23:57.848345,last_trade_price,103262444251711882137196701351143742111166718788614018342840531449333300820992,N/A,N/A,0.67,BUY
85.508,2025-12-03 09:23:57.898945,price_change,104847493482681394039490230886226316127712574809887359959075235909796533321336,0.33,0.36,N/A,N/A
44.252,2025-12-03 09:23:57.943197,price_change,103262444251711882137196701351143742111166718788614018342840531449333300820992,0.65,0.67,N/A,N/A
5.316,2025-12-03 09:23:57.948503,price_change,104847493482681394039490230886226316127712574809887359959075235909796533321336,0.33,0.35,N/A,N/A
30.738,2025-12-03 09:23:57.979243,price_change,103262444251711882137196701351143742111166718788614018342840531449333300820992,0.66,0.67,N/A,N/A
376.168,2025-12-03 09:23:58.224513,last_trade_price,103262444251711882137196701351143742111166718788614018342840531449333300820992,N/A,N/A,0.66,SELL
262.780,2025-12-03 09:23:58.487290,last_trade_price,104847493482681394039490230886226316127712574809887359959075235909796533321336,N/A,N/A,0.33,SELL
567.904,2025-12-03 09:23:58.547149,price_change,104847493482681394039490230886226316127712574809887359959075235909796533321336,0.32,0.34,N/A,N/A
8.367,2025-12-03 09:23:58.555514,price_change,104847493482681394039490230886226316127712574809887359959075235909796533321336,0.31,0.34,N/A,N/A
1.711,2025-12-03 09:23:58.557221,price_change,103262444251711882137196701351143742111166718788614018342840531449333300820992,0.66,0.69,N/A,N/A
90.227,2025-12-03 09:23:58.577516,last_trade_price,103262444251711882137196701351143742111166718788614018342840531449333300820992,N/A,N/A,0.67,BUY
113.269,2025-12-03 09:23:58.670497,price_change,103262444251711882137196701351143742111166718788614018342840531449333300820992,0.67,0.69,N/A,N/A
18.809,2025-12-03 09:23:58.689304,price_change,104847493482681394039490230886226316127712574809887359959075235909796533321336,0.31,0.33,N/A,N/A
7.375,2025-12-03 09:23:58.696675,price_change,104847493482681394039490230886226316127712574809887359959075235909796533321336,0.3,0.33,N/A,N/A
0.623,2025-12-03 09:23:58.697296,price_change,104847493482681394039490230886226316127712574809887359959075235909796533321336,0.3,0.32,N/A,N/A
1.072,2025-12-03 09:23:58.698367,price_change,103262444251711882137196701351143742111166718788614018342840531449333300820992,0.68,0.7,N/A,N/A
27.616,2025-12-03 10:09:22.833041,price_change,25208120939422896831475738098198732398780575975034825407159195627445345796202,0.81,0.82,N/A,N/A
45.637,2025-12-03 10:09:22.878654,price_change,51873386319895037446661689260259178426904597800503963547301508473205678070974,0.18,0.19,N/A,N/A
217.617,2025-12-03 10:09:23.023016,last_trade_price,25208120939422896831475738098198732398780575975034825407159195627445345796202,N/A,N/A,0.82,BUY
3258.102,2025-12-03 10:09:26.136759,price_change,25208120939422896831475738098198732398780575975034825407159195627445345796202,0.81,0.83,N/A,N/A
3113.979,2025-12-03 10:09:26.136984,last_trade_price,25208120939422896831475738098198732398780575975034825407159195627445345796202,N/A,N/A,0.82,BUY
851.690,2025-12-03 10:09:26.988446,price_change,51873386319895037446661689260259178426904597800503963547301508473205678070974,0.17,0.18,N/A,N/A
947.762,2025-12-03 10:09:27.084756,last_trade_price,51873386319895037446661689260259178426904597800503963547301508473205678070974,N/A,N/A,0.18,BUY
392.485,2025-12-03 10:09:27.477246,last_trade_price,25208120939422896831475738098198732398780575975034825407159195627445345796202,N/A,N/A,0.83,BUY
503.782,2025-12-03 10:09:27.492226,price_change,25208120939422896831475738098198732398780575975034825407159195627445345796202,0.83,0.84,N/A,N/A
0.183,2025-12-03 10:09:27.492401,price_change,51873386319895037446661689260259178426904597800503963547301508473205678070974,0.16,0.17,N/A,N/A
43.101,2025-12-03 10:09:27.520338,last_trade_price,25208120939422896831475738098198732398780575975034825407159195627445345796202,N/A,N/A,0.83,BUY
81.412,2025-12-03 10:09:27.573820,price_change,25208120939422896831475738098198732398780575975034825407159195627445345796202,0.82,0.84,N/A,N/A
775.827,2025-12-03 10:09:28.349652,price_change,51873386319895037446661689260259178426904597800503963547301508473205678070974,0.16,0.19,N/A,N/A
858.857,2025-12-03 10:09:28.379206,last_trade_price,51873386319895037446661689260259178426904597800503963547301508473205678070974,N/A,N/A,0.18,BUY
0.012,2025-12-03 10:11:25.520463,last_trade_price,51873386319895037446661689260259178426904597800503963547301508473205678070974,N/A,N/A,0.41,BUY
2.323,2025-12-03 10:11:25.522771,price_change,25208120939422896831475738098198732398780575975034825407159195627445345796202,0.59,0.6,N/A,N/A
52.717,2025-12-03 10:11:25.575493,price_change,51873386319895037446661689260259178426904597800503963547301508473205678070974,0.4,0.41,N/A,N/A
94.750,2025-12-03 10:11:25.615215,last_trade_price,25208120939422896831475738098198732398780575975034825407159195627445345796202,N/A,N/A,0.6,BUY
1526.560,2025-12-03 10:11:27.141772,last_trade_price,51873386319895037446661689260259178426904597800503963547301508473205678070974,N/A,N/A,0.4,SELL
0.553,2025-12-03 10:11:27.142318,last_trade_price,25208120939422896831475738098198732398780575975034825407159195627445345796202,N/A,N/A,0.6,BUY
96.297,2025-12-03 10:11:27.238628,last_trade_price,51873386319895037446661689260259178426904597800503963547301508473205678070974,N/A,N/A,0.41,BUY
196.233,2025-12-03 10:11:27.434874,last_trade_price,25208120939422896831475738098198732398780575975034825407159195627445345796202,N/A,N/A,0.6,BUY
58.650,2025-12-03 10:11:27.493510,last_trade_price,51873386319895037446661689260259178426904597800503963547301508473205678070974,N/A,N/A,0.4,SELL
42.761,2025-12-03 10:11:27.536270,last_trade_price,51873386319895037446661689260259178426904597800503963547301508473205678070974,N/A,N/A,0.41,BUY
150.619,2025-12-03 10:11:27.686893,last_trade_price,51873386319895037446661689260259178426904597800503963547301508473205678070974,N/A,N/A,0.4,SELL
123.244,2025-12-03 10:11:27.810134,last_trade_price,51873386319895037446661689260259178426904597800503963547301508473205678070974,N/A,N/A,0.41,BUY
0.021,2025-12-03 10:11:36.725660,price_change,51873386319895037446661689260259178426904597800503963547301508473205678070974,0.32,0.33,N/A,N/A
34.368,2025-12-03 10:11:36.760000,last_trade_price,51873386319895037446661689260259178426904597800503963547301508473205678070974,N/A,N/A,0.32,SELL
34.474,2025-12-03 10:11:36.760118,price_change,25208120939422896831475738098198732398780575975034825407159195627445345796202,0.67,0.68,N/A,N/A
0.156,2025-12-03 10:11:36.760145,last_trade_price,51873386319895037446661689260259178426904597800503963547301508473205678070974,N/A,N/A,0.33,BUY
8.099,2025-12-03 10:11:36.768252,last_trade_price,51873386319895037446661689260259178426904597800503963547301508473205678070974,N/A,N/A,0.33,BUY
182.710,2025-12-03 10:11:36.950965,last_trade_price,51873386319895037446661689260259178426904597800503963547301508473205678070974,N/A,N/A,0.32,SELL
8.482,2025-12-03 10:11:36.959445,last_trade_price,51873386319895037446661689260259178426904597800503963547301508473205678070974,N/A,N/A,0.32,SELL
557.725,2025-12-03 10:11:37.317854,price_change,51873386319895037446661689260259178426904597800503963547301508473205678070974,0.31,0.33,N/A,N/A
6.450,2025-12-03 10:11:37.324296,price_change,25208120939422896831475738098198732398780575975034825407159195627445345796202,0.68,0.69,N/A,N/A
1.034,2025-12-03 10:11:37.325329,price_change,51873386319895037446661689260259178426904597800503963547301508473205678070974,0.31,0.32,N/A,N/A
300.764,2025-12-03 10:11:37.626099,price_change,51873386319895037446661689260259178426904597800503963547301508473205678070974,0.3,0.32,N/A,N/A
0.315,2025-12-03 10:11:37.626408,price_change,25208120939422896831475738098198732398780575975034825407159195627445345796202,0.68,0.7,N/A,N/A
16.940,2025-12-03 10:11:37.643353,price_change,51873386319895037446661689260259178426904597800503963547301508473205678070974,0.3,0.31,N/A,N/A
189.970,2025-12-03 10:11:37.833329,price_change,51873386319895037446661689260259178426904597800503963547301508473205678070974,0.23,0.31,N/A,N/A
3.135,2025-12-03 10:11:37.836454,price_change,25208120939422896831475738098198732398780575975034825407159195627445345796202,0.69,0.77,N/A,N/A
924.480,2025-12-03 10:11:37.883926,last_trade_price,25208120939422896831475738098198732398780575975034825407159195627445345796202,N/A,N/A,0.75,BUY
57.482,2025-12-03 10:11:37.893936,price_change,25208120939422896831475738098198732398780575975034825407159195627445345796202,0.73,0.77,N/A,N/A
9.634,2025-12-03 10:11:37.903571,price_change,51873386319895037446661689260259178426904597800503963547301508473205678070974,0.23,0.27,N/A,N/A
50.812,2025-12-03 10:11:37.954386,price_change,25208120939422896831475738098198732398780575975034825407159195627445345796202,0.71,0.77,N/A,N/A
18.018,2025-12-03 10:11:37.972405,price_change,51873386319895037446661689260259178426904597800503963547301508473205678070974,0.23,0.29,N/A,N/A
94.201,2025-12-03 10:11:38.066610,price_change,25208120939422896831475738098198732398780575975034825407159195627445345796202,0.73,0.77,N/A,N/A
0.076,2025-12-03 10:11:38.066673,price_change,25208120939422896831475738098198732398780575975034825407159195627445345796202,0.74,0.77,N/A,N/A
7.468,2025-12-03 10:11:38.074147,price_change,51873386319895037446661689260259178426904597800503963547301508473205678070974,0.23,0.26,N/A,N/A
36.616,2025-12-03 10:11:38.110767,price_change,51873386319895037446661689260259178426904597800503963547301508473205678070974,0.23,0.25,N/A,N/A
0.072,2025-12-03 10:11:38.110830,price_change,25208120939422896831475738098198732398780575975034825407159195627445345796202,0.75,0.77,N/A,N/A
13.958,2025-12-03 10:11:38.124795,price_change,25208120939422896831475738098198732398780575975034825407159195627445345796202,0.75,0.76,N/A,N/A
388.527,2025-12-03 10:11:38.272454,last_trade_price,51873386319895037446661689260259178426904597800503963547301508473205678070974,N/A,N/A,0.25,BUY
14.303,2025-12-03 10:11:38.286756,last_trade_price,51873386319895037446661689260259178426904597800503963547301508473205678070974,N/A,N/A,0.24,SELL
18.035,2025-12-03 10:11:38.304792,last_trade_price,51873386319895037446661689260259178426904597800503963547301508473205678070974,N/A,N/A,0.24,SELL
312.660,2025-12-03 10:11:38.437461,price_change,25208120939422896831475738098198732398780575975034825407159195627445345796202,0.72,0.76,N/A,N/A
0.075,2025-12-03 10:11:38.437524,price_change,51873386319895037446661689260259178426904597800503963547301508473205678070974,0.24,0.28,N/A,N/A
177.140,2025-12-03 10:11:38.481932,last_trade_price,51873386319895037446661689260259178426904597800503963547301508473205678070974,N/A,N/A,0.26,BUY
69.736,2025-12-03 10:11:38.507273,price_change,51873386319895037446661689260259178426904597800503963547301508473205678070974,0.24,0.27,N/A,N/A
42.484,2025-12-03 10:11:38.524412,last_trade_price,25208120939422896831475738098198732398780575975034825407159195627445345796202,N/A,N/A,0.76,BUY
17.315,2025-12-03 10:11:38.524577,price_change,25208120939422896831475738098198732398780575975034825407159195627445345796202,0.73,0.76,N/A,N/A
87.681,2025-12-03 10:11:38.612263,price_change,25208120939422896831475738098198732398780575975034825407159195627445345796202,0.74,0.76,N/A,N/A
2.219,2025-12-03 10:11:38.614479,price_change,51873386319895037446661689260259178426904597800503963547301508473205678070974,0.24,0.26,N/A,N/A
4.454,2025-12-03 10:11:38.618931,price_change,25208120939422896831475738098198732398780575975034825407159195627445345796202,0.74,0.75,N/A,N/A
2.172,2025-12-03 10:11:38.621104,price_change,25208120939422896831475738098198732398780575975034825407159195627445345796202,0.73,0.75,N/A,N/A
10.661,2025-12-03 10:11:38.631768,price_change,25208120939422896831475738098198732398780575975034825407159195627445345796202,0.74,0.75,N/A,N/A
8.129,2025-12-03 10:11:38.639896,price_change,25208120939422896831475738098198732398780575975034825407159195627445345796202,0.73,0.75,N/A,N/A
120.670,2025-12-03 10:11:38.645080,last_trade_price,51873386319895037446661689260259178426904597800503963547301508473205678070974,N/A,N/A,0.26,BUY
13.334,2025-12-03 10:11:38.653230,price_change,25208120939422896831475738098198732398780575975034825407159195627445345796202,0.74,0.75,N/A,N/A
0.044,2025-12-03 10:11:38.653267,price_change,51873386319895037446661689260259178426904597800503963547301508473205678070974,0.25,0.26,N/A,N/A
0.037,2025-12-03 10:11:38.653303,price_change,25208120939422896831475738098198732398780575975034825407159195627445345796202,0.74,0.77,N/A,N/A
11.684,2025-12-03 10:11:38.664996,price_change,51873386319895037446661689260259178426904597800503963547301508473205678070974,0.23,0.26,N/A,N/A
0.061,2025-12-03 10:11:38.665049,price_change,25208120939422896831475738098198732398780575975034825407159195627445345796202,0.74,0.76,N/A,N/A
1.938,2025-12-03 10:11:38.666992,price_change,51873386319895037446661689260259178426904597800503963547301508473205678070974,0.23,0.24,N/A,N/A
0.053,2025-12-03 10:11:38.667040,price_change,25208120939422896831475738098198732398780575975034825407159195627445345796202,0.76,0.77,N/A,N/A
51.331,2025-12-03 10:11:38.696417,last_trade_price,51873386319895037446661689260259178426904597800503963547301508473205678070974,N/A,N/A,0.24,SELL
123.157,2025-12-03 10:11:38.819573,last_trade_price,25208120939422896831475738098198732398780575975034825407159195627445345796202,N/A,N/A,0.77,BUY
29.239,2025-12-03 10:11:38.848811,last_trade_price,25208120939422896831475738098198732398780575975034825407159195627445345796202,N/A,N/A,0.77,BUY
13.247,2025-12-03 16:28:05.207007,price_change,1899154836597268058366701787392295248146654156767734518849393063365210599632,0.06,0.08,N/A,N/A
138.240,2025-12-03 16:28:05.345218,price_change,27348646498950720408334900366443375441481658518909758878091645553854567750581,0.92,0.94,N/A,N/A
967.452,2025-12-03 16:28:06.312662,price_change,1899154836597268058366701787392295248146654156767734518849393063365210599632,0.07,0.08,N/A,N/A
2263.121,2025-12-03 16:28:07.456843,last_trade_price,27348646498950720408334900366443375441481658518909758878091645553854567750581,N/A,N/A,0.93,BUY
1214.172,2025-12-03 16:28:07.526834,price_change,27348646498950720408334900366443375441481658518909758878091645553854567750581,0.91,0.93,N/A,N/A
97.139,2025-12-03 16:28:07.553984,last_trade_price,27348646498950720408334900366443375441481658518909758878091645553854567750581,N/A,N/A,0.93,BUY
5.587,2025-12-03 16:28:07.559561,last_trade_price,1899154836597268058366701787392295248146654156767734518849393063365210599632,N/A,N/A,0.08,BUY
159.440,2025-12-03 16:28:07.686271,price_change,1899154836597268058366701787392295248146654156767734518849393063365210599632,0.06,0.09,N/A,N/A
29.924,2025-12-03 16:28:07.716194,price_change,27348646498950720408334900366443375441481658518909758878091645553854567750581,0.92,0.94,N/A,N/A
53.466,2025-12-03 16:28:07.769658,price_change,27348646498950720408334900366443375441481658518909758878091645553854567750581,0.91,0.94,N/A,N/A
9.695,2025-12-03 16:28:07.779366,price_change,27348646498950720408334900366443375441481658518909758878091645553854567750581,0.92,0.94,N/A,N/A
14.809,2025-12-03 16:28:07.794164,price_change,27348646498950720408334900366443375441481658518909758878091645553854567750581,0.93,0.94,N/A,N/A
1.631,2025-12-03 16:28:07.795794,price_change,1899154836597268058366701787392295248146654156767734518849393063365210599632,0.06,0.07,N/A,N/A
66.370,2025-12-03 16:28:07.862173,price_change,27348646498950720408334900366443375441481658518909758878091645553854567750581,0.93,0.95,N/A,N/A
38.653,2025-12-03 16:28:07.900830,price_change,1899154836597268058366701787392295248146654156767734518849393063365210599632,0.05,0.06,N/A,N/A
77.754,2025-12-03 16:28:07.978584,price_change,1899154836597268058366701787392295248146654156767734518849393063365210599632,0.05,0.07,N/A,N/A
502.431,2025-12-03 16:28:08.481016,price_change,27348646498950720408334900366443375441481658518909758878091645553854567750581,0.93,0.94,N/A,N/A
2230.097,2025-12-03 16:28:09.789667,last_trade_price,27348646498950720408334900366443375441481658518909758878091645553854567750581,N/A,N/A,0.94,BUY
2679.629,2025-12-03 16:28:11.160640,price_change,27348646498950720408334900366443375441481658518909758878091645553854567750581,0.93,0.95,N/A,N/A
77.049,2025-12-03 16:28:11.237687,price_change,1899154836597268058366701787392295248146654156767734518849393063365210599632,0.05,0.06,N/A,N/A
384.168,2025-12-03 16:28:11.621849,price_change,1899154836597268058366701787392295248146654156767734518849393063365210599632,0.04,0.06,N/A,N/A
9.259,2025-12-03 16:28:11.631110,price_change,27348646498950720408334900366443375441481658518909758878091645553854567750581,0.94,0.96,N/A,N/A
101.836,2025-12-03 16:28:11.732949,price_change,27348646498950720408334900366443375441481658518909758878091645553854567750581,0.95,0.96,N/A,N/A
2521.542,2025-12-03 16:28:12.311211,last_trade_price,1899154836597268058366701787392295248146654156767734518849393063365210599632,N/A,N/A,0.05,BUY
501.075,2025-12-03 16:28:12.812283,last_trade_price,27348646498950720408334900366443375441481658518909758878091645553854567750581,N/A,N/A,0.96,BUY
458.633,2025-12-03 16:28:13.270927,last_trade_price,1899154836597268058366701787392295248146654156767734518849393063365210599632,N/A,N/A,0.05,BUY
600.776,2025-12-03 16:28:13.871688,last_trade_price,27348646498950720408334900366443375441481658518909758878091645553854567750581,N/A,N/A,0.96,BUY
2226.025,2025-12-03 16:28:13.958972,price_change,1899154836597268058366701787392295248146654156767734518849393063365210599632,0.03,0.05,N/A,N/A
14.220,2025-12-03 16:28:13.973187,price_change,27348646498950720408334900366443375441481658518909758878091645553854567750581,0.95,0.97,N/A,N/A
376.781,2025-12-03 16:28:14.349980,price_change,27348646498950720408334900366443375441481658518909758878091645553854567750581,0.96,0.97,N/A,N/A
69.612,2025-12-03 16:28:14.419598,price_change,1899154836597268058366701787392295248146654156767734518849393063365210599632,0.03,0.04,N/A,N/A
1460.475,2025-12-03 16:28:15.332166,last_trade_price,1899154836597268058366701787392295248146654156767734518849393063365210599632,N/A,N/A,0.04,BUY
338.138,2025-12-03 16:28:15.670304,last_trade_price,27348646498950720408334900366443375441481658518909758878091645553854567750581,N/A,N/A,0.97,BUY
182.891,2025-12-03 16:28:15.853198,last_trade_price,27348646498950720408334900366443375441481658518909758878091645553854567750581,N/A,N/A,0.97,BUY
207.555,2025-12-03 16:28:16.060761,last_trade_price,27348646498950720408334900366443375441481658518909758878091645553854567750581,N/A,N/A,0.97,BUY
154.624,2025-12-03 16:28:16.215385,last_trade_price,27348646498950720408334900366443375441481658518909758878091645553854567750581,N/A,N/A,0.98,BUY
1825.761,2025-12-03 16:28:16.245356,price_change,27348646498950720408334900366443375441481658518909758878091645553854567750581,0.96,0.98,N/A,N/A
79.962,2025-12-03 16:28:16.295337,last_trade_price,27348646498950720408334900366443375441481658518909758878091645553854567750581,N/A,N/A,0.98,BUY
70.986,2025-12-03 16:28:16.316337,price_change,27348646498950720408334900366443375441481658518909758878091645553854567750581,0.97,0.98,N/A,N/A
1.899,2025-12-03 16:28:16.318228,price_change,1899154836597268058366701787392295248146654156767734518849393063365210599632,0.02,0.03,N/A,N/A
64.307,2025-12-03 16:28:16.359640,last_trade_price,27348646498950720408334900366443375441481658518909758878091645553854567750581,N/A,N/A,0.98,BUY
41.303,2025-12-03 16:28:16.400950,last_trade_price,27348646498950720408334900366443375441481658518909758878091645553854567750581,N/A,N/A,0.98,BUY
186.985,2025-12-03 16:28:16.587930,last_trade_price,27348646498950720408334900366443375441481658518909758878091645553854567750581,N/A,N/A,0.98,BUY
61.202,2025-12-03 16:28:16.649141,last_trade_price,27348646498950720408334900366443375441481658518909758878091645553854567750581,N/A,N/A,0.97,SELL
211.320,2025-12-03 16:28:16.860459,last_trade_price,27348646498950720408334900366443375441481658518909758878091645553854567750581,N/A,N/A,0.98,BUY
1017.329,2025-12-03 16:28:17.877782,last_trade_price,27348646498950720408334900366443375441481658518909758878091645553854567750581,N/A,N/A,0.98,BUY
174.994,2025-12-03 16:28:18.052778,last_trade_price,27348646498950720408334900366443375441481658518909758878091645553854567750581,N/A,N/A,0.98,BUY
173.677,2025-12-03 16:28:18.226458,last_trade_price,27348646498950720408334900366443375441481658518909758878091645553854567750581,N/A,N/A,0.98,BUY
312.702,2025-12-03 16:28:18.539166,last_trade_price,27348646498950720408334900366443375441481658518909758878091645553854567750581,N/A,N/A,0.98,BUY
200.500,2025-12-03 16:28:18.739650,last_trade_price,27348646498950720408334900366443375441481658518909758878091645553854567750581,N/A,N/A,0.98,BUY
383.924,2025-12-03 16:28:19.123586,last_trade_price,27348646498950720408334900366443375441481658518909758878091645553854567750581,N/A,N/A,0.98,BUY
55.037,2025-12-03 16:28:19.178613,last_trade_price,27348646498950720408334900366443375441481658518909758878091645553854567750581,N/A,N/A,0.98,BUY
26.130,2025-12-03 16:28:19.204746,last_trade_price,27348646498950720408334900366443375441481658518909758878091645553854567750581,N/A,N/A,0.98,BUY
85.110,2025-12-03 16:28:19.289852,last_trade_price,27348646498950720408334900366443375441481658518909758878091645553854567750581,N/A,N/A,0.98,BUY
210.891,2025-12-03 16:28:19.500752,last_trade_price,27348646498950720408334900366443375441481658518909758878091645553854567750581,N/A,N/A,0.98,BUY
224.437,2025-12-03 16:28:19.725183,last_trade_price,27348646498950720408334900366443375441481658518909758878091645553854567750581,N/A,N/A,0.98,BUY
53.208,2025-12-03 16:28:19.778391,last_trade_price,27348646498950720408334900366443375441481658518909758878091645553854567750581,N/A,N/A,0.98,BUY
54.697,2025-12-03 16:28:19.833093,last_trade_price,27348646498950720408334900366443375441481658518909758878091645553854567750581,N/A,N/A,0.98,BUY
3584.681,2025-12-03 16:28:19.902911,price_change,27348646498950720408334900366443375441481658518909758878091645553854567750581,0.96,0.98,N/A,N/A
111.005,2025-12-03 16:28:19.944093,last_trade_price,27348646498950720408334900366443375441481658518909758878091645553854567750581,N/A,N/A,0.97,SELL
112.402,2025-12-03 16:28:20.015322,price_change,1899154836597268058366701787392295248146654156767734518849393063365210599632,0.02,0.04,N/A,N/A
409.822,2025-12-03 16:28:20.353922,last_trade_price,27348646498950720408334900366443375441481658518909758878091645553854567750581,N/A,N/A,0.98,BUY
99.354,2025-12-03 16:28:20.453273,last_trade_price,27348646498950720408334900366443375441481658518909758878091645553854567750581,N/A,N/A,0.98,BUY
818.575,2025-12-03 16:28:21.271849,last_trade_price,27348646498950720408334900366443375441481658518909758878091645553854567750581,N/A,N/A,0.98,BUY
68.775,2025-12-03 16:28:21.340621,last_trade_price,27348646498950720408334900366443375441481658518909758878091645553854567750581,N/A,N/A,0.98,BUY
401.526,2025-12-03 16:28:21.742152,last_trade_price,27348646498950720408334900366443375441481658518909758878091645553854567750581,N/A,N/A,0.98,BUY
694.764,2025-12-03 16:28:22.436914,last_trade_price,27348646498950720408334900366443375441481658518909758878091645553854567750581,N/A,N/A,0.98,BUY
3004.901,2025-12-03 16:28:23.020215,price_change,27348646498950720408334900366443375441481658518909758878091645553854567750581,0.97,0.98,N/A,N/A
32.426,2025-12-03 16:28:23.052640,price_change,1899154836597268058366701787392295248146654156767734518849393063365210599632,0.02,0.03,N/A,N/A
1364.331,2025-12-03 16:28:23.801243,last_trade_price,27348646498950720408334900366443375441481658518909758878091645553854567750581,N/A,N/A,0.98,BUY
2.095,2025-12-03 16:28:23.803329,last_trade_price,27348646498950720408334900366443375441481658518909758878091645553854567750581,N/A,N/A,0.98,BUY
798.014,2025-12-03 16:28:23.850652,price_change,27348646498950720408334900366443375441481658518909758878091645553854567750581,0.98,0.99,N/A,N/A
0.234,2025-12-03 16:28:23.850886,price_change,1899154836597268058366701787392295248146654156767734518849393063365210599632,0.01,0.02,N/A,N/A
72.815,2025-12-03 16:28:23.876150,last_trade_price,27348646498950720408334900366443375441481658518909758878091645553854567750581,N/A,N/A,0.98,BUY
236.024,2025-12-03 16:28:24.112174,last_trade_price,27348646498950720408334900366443375441481658518909758878091645553854567750581,N/A,N/A,0.99,BUY
37.338,2025-12-03 16:28:24.149515,last_trade_price,27348646498950720408334900366443375441481658518909758878091645553854567750581,N/A,N/A,0.99,BUY
64.430,2025-12-03 16:28:24.213951,last_trade_price,27348646498950720408334900366443375441481658518909758878091645553854567750581,N/A,N/A,0.98,SELL
321.313,2025-12-03 16:28:24.535258,last_trade_price,27348646498950720408334900366443375441481658518909758878091645553854567750581,N/A,N/A,0.98,SELL
74.697,2025-12-03 16:28:24.609948,last_trade_price,27348646498950720408334900366443375441481658518909758878091645553854567750581,N/A,N/A,0.99,BUY
48.853,2025-12-03 16:28:24.658808,last_trade_price,27348646498950720408334900366443375441481658518909758878091645553854567750581,N/A,N/A,0.99,BUY
435.017,2025-12-03 16:28:25.093825,last_trade_price,27348646498950720408334900366443375441481658518909758878091645553854567750581,N/A,N/A,0.99,BUY
58.845,2025-12-03 16:28:25.152666,last_trade_price,27348646498950720408334900366443375441481658518909758878091645553854567750581,N/A,N/A,0.99,BUY
352.344,2025-12-03 16:28:25.505014,last_trade_price,27348646498950720408334900366443375441481658518909758878091645553854567750581,N/A,N/A,0.99,BUY
879.148,2025-12-03 16:28:26.384163,last_trade_price,27348646498950720408334900366443375441481658518909758878091645553854567750581,N/A,N/A,0.99,BUY
234.402,2025-12-03 16:28:26.618565,last_trade_price,27348646498950720408334900366443375441481658518909758878091645553854567750581,N/A,N/A,0.98,SELL
7.776,2025-12-03 16:28:26.626332,last_trade_price,27348646498950720408334900366443375441481658518909758878091645553854567750581,N/A,N/A,0.99,BUY
1885.304,2025-12-03 16:28:28.511645,last_trade_price,27348646498950720408334900366443375441481658518909758878091645553854567750581,N/A,N/A,0.99,BUY
209.770,2025-12-03 16:28:28.721426,last_trade_price,27348646498950720408334900366443375441481658518909758878091645553854567750581,N/A,N/A,0.99,BUY
643.973,2025-12-03 16:28:29.365397,last_trade_price,27348646498950720408334900366443375441481658518909758878091645553854567750581,N/A,N/A,0.99,BUY
981.690,2025-12-03 16:28:30.347080,last_trade_price,27348646498950720408334900366443375441481658518909758878091645553854567750581,N/A,N/A,0.99,BUY
356.677,2025-12-03 16:28:30.703751,last_trade_price,27348646498950720408334900366443375441481658518909758878091645553854567750581,N/A,N/A,0.99,BUY
1137.130,2025-12-03 16:28:31.840894,last_trade_price,27348646498950720408334900366443375441481658518909758878091645553854567750581,N/A,N/A,0.99,BUY
36.311,2025-12-03 16:28:31.877200,last_trade_price,27348646498950720408334900366443375441481658518909758878091645553854567750581,N/A,N/A,0.99,BUY
427.010,2025-12-03 16:28:32.304203,last_trade_price,27348646498950720408334900366443375441481658518909758878091645553854567750581,N/A,N/A,0.99,BUY
455.279,2025-12-03 16:28:32.759490,last_trade_price,27348646498950720408334900366443375441481658518909758878091645553854567750581,N/A,N/A,0.99,BUY
460.817,2025-12-03 16:28:33.220312,last_trade_price,27348646498950720408334900366443375441481658518909758878091645553854567750581,N/A,N/A,0.99,BUY
14.981,2025-12-03 16:28:33.235279,last_trade_price,27348646498950720408334900366443375441481658518909758878091645553854567750581,N/A,N/A,0.99,BUY
13.986,2025-12-03 16:28:33.249264,last_trade_price,27348646498950720408334900366443375441481658518909758878091645553854567750581,N/A,N/A,0.99,BUY
8.297,2025-12-03 16:28:33.257559,last_trade_price,27348646498950720408334900366443375441481658518909758878091645553854567750581,N/A,N/A,0.99,BUY
911.739,2025-12-03 16:28:34.169311,last_trade_price,27348646498950720408334900366443375441481658518909758878091645553854567750581,N/A,N/A,0.99,BUY
688.915,2025-12-03 16:28:34.858235,last_trade_price,1899154836597268058366701787392295248146654156767734518849393063365210599632,N/A,N/A,0.01,SELL
91.118,2025-12-03 16:28:34.949350,last_trade_price,27348646498950720408334900366443375441481658518909758878091645553854567750581,N/A,N/A,0.99,BUY
438.578,2025-12-03 16:28:35.387924,last_trade_price,27348646498950720408334900366443375441481658518909758878091645553854567750581,N/A,N/A,0.99,BUY
177.361,2025-12-03 16:28:35.565282,last_trade_price,27348646498950720408334900366443375441481658518909758878091645553854567750581,N/A,N/A,0.99,BUY
845.010,2025-12-03 16:28:36.410283,last_trade_price,27348646498950720408334900366443375441481658518909758878091645553854567750581,N/A,N/A,0.99,BUY
25.747,2025-12-03 16:28:36.436036,last_trade_price,27348646498950720408334900366443375441481658518909758878091645553854567750581,N/A,N/A,0.99,BUY
170.408,2025-12-03 16:28:36.606442,last_trade_price,27348646498950720408334900366443375441481658518909758878091645553854567750581,N/A,N/A,0.99,BUY
6.347,2025-12-03 16:28:36.612781,last_trade_price,27348646498950720408334900366443375441481658518909758878091645553854567750581,N/A,N/A,0.99,BUY
180.959,2025-12-03 16:28:36.793750,last_trade_price,27348646498950720408334900366443375441481658518909758878091645553854567750581,N/A,N/A,0.99,BUY
104.372,2025-12-03 16:28:36.898116,last_trade_price,27348646498950720408334900366443375441481658518909758878091645553854567750581,N/A,N/A,0.98,SELL
452.028,2025-12-03 16:28:37.350146,last_trade_price,27348646498950720408334900366443375441481658518909758878091645553854567750581,N/A,N/A,0.99,BUY
685.412,2025-12-03 16:28:38.035560,last_trade_price,27348646498950720408334900366443375441481658518909758878091645553854567750581,N/A,N/A,0.99,BUY
297.415,2025-12-03 16:28:38.332975,last_trade_price,27348646498950720408334900366443375441481658518909758878091645553854567750581,N/A,N/A,0.99,BUY
538.259,2025-12-03 16:28:38.871236,last_trade_price,27348646498950720408334900366443375441481658518909758878091645553854567750581,N/A,N/A,0.99,BUY
273.180,2025-12-03 16:28:39.144417,last_trade_price,27348646498950720408334900366443375441481658518909758878091645553854567750581,N/A,N/A,0.99,BUY
107.282,2025-12-03 16:28:39.251699,last_trade_price,27348646498950720408334900366443375441481658518909758878091645553854567750581,N/A,N/A,0.99,BUY
170.982,2025-12-03 16:28:39.422682,last_trade_price,27348646498950720408334900366443375441481658518909758878091645553854567750581,N/A,N/A,0.99,BUY
259.980,2025-12-03 16:28:39.682660,last_trade_price,27348646498950720408334900366443375441481658518909758878091645553854567750581,N/A,N/A,0.99,BUY
55.637,2025-12-03 16:28:39.738306,last_trade_price,27348646498950720408334900366443375441481658518909758878091645553854567750581,N/A,N/A,0.99,BUY
135.018,2025-12-03 16:28:39.873314,last_trade_price,27348646498950720408334900366443375441481658518909758878091645553854567750581,N/A,N/A,0.99,BUY
1030.824,2025-12-03 16:28:40.904145,last_trade_price,27348646498950720408334900366443375441481658518909758878091645553854567750581,N/A,N/A,0.99,BUY
456.432,2025-12-03 16:28:41.360567,last_trade_price,27348646498950720408334900366443375441481658518909758878091645553854567750581,N/A,N/A,0.99,BUY
375.074,2025-12-03 16:28:41.735654,last_trade_price,27348646498950720408334900366443375441481658518909758878091645553854567750581,N/A,N/A,0.99,BUY
329.082,2025-12-03 16:28:42.064731,last_trade_price,27348646498950720408334900366443375441481658518909758878091645553854567750581,N/A,N/A,0.99,BUY
421.731,2025-12-03 16:28:42.486463,last_trade_price,27348646498950720408334900366443375441481658518909758878091645553854567750581,N/A,N/A,0.99,BUY
831.831,2025-12-03 16:28:43.318282,last_trade_price,27348646498950720408334900366443375441481658518909758878091645553854567750581,N/A,N/A,0.99,BUY
19855.833,2025-12-03 16:28:43.706728,price_change,27348646498950720408334900366443375441481658518909758878091645553854567750581,0.99,1,N/A,N/A
0.185,2025-12-03 16:28:43.706904,price_change,1899154836597268058366701787392295248146654156767734518849393063365210599632,0,0.01,N/A,N/A
451.063,2025-12-03 16:28:43.769361,last_trade_price,27348646498950720408334900366443375441481658518909758878091645553854567750581,N/A,N/A,0.99,BUY
243.763,2025-12-03 16:38:37.002193,price_change,402677948367945805044138685347569617513245272913180041749970866193046624187,0.97,0.98,N/A,N/A
206.874,2025-12-03 16:38:37.209045,price_change,69548848838644424871526436777754773226088153389257359567869426947003702924752,0.02,0.03,N/A,N/A
2912.565,2025-12-03 16:38:39.670943,last_trade_price,402677948367945805044138685347569617513245272913180041749970866193046624187,N/A,N/A,0.98,BUY
1498.336,2025-12-03 16:38:41.169278,last_trade_price,402677948367945805044138685347569617513245272913180041749970866193046624187,N/A,N/A,0.98,BUY
4226.653,2025-12-03 16:38:41.435683,price_change,402677948367945805044138685347569617513245272913180041749970866193046624187,0.96,0.98,N/A,N/A
300.353,2025-12-03 16:38:41.469631,last_trade_price,69548848838644424871526436777754773226088153389257359567869426947003702924752,N/A,N/A,0.04,BUY
1172.500,2025-12-03 16:38:42.608194,price_change,69548848838644424871526436777754773226088153389257359567869426947003702924752,0.02,0.04,N/A,N/A
2105.092,2025-12-03 16:38:43.574723,last_trade_price,402677948367945805044138685347569617513245272913180041749970866193046624187,N/A,N/A,0.98,BUY
972.647,2025-12-03 16:38:43.580824,price_change,402677948367945805044138685347569617513245272913180041749970866193046624187,0.97,0.98,N/A,N/A
45.227,2025-12-03 16:38:43.626041,price_change,69548848838644424871526436777754773226088153389257359567869426947003702924752,0.02,0.03,N/A,N/A
1303.902,2025-12-03 16:38:44.878632,last_trade_price,402677948367945805044138685347569617513245272913180041749970866193046624187,N/A,N/A,0.98,BUY
1412.610,2025-12-03 16:38:45.038651,price_change,402677948367945805044138685347569617513245272913180041749970866193046624187,0.96,0.98,N/A,N/A
34.531,2025-12-03 16:38:45.073195,price_change,69548848838644424871526436777754773226088153389257359567869426947003702924752,0.02,0.04,N/A,N/A
9.974,2025-12-03 16:38:45.083158,price_change,402677948367945805044138685347569617513245272913180041749970866193046624187,0.96,0.97,N/A,N/A
332.564,2025-12-03 16:38:45.211187,last_trade_price,402677948367945805044138685347569617513245272913180041749970866193046624187,N/A,N/A,0.97,BUY
2974.525,2025-12-03 16:38:48.057690,price_change,402677948367945805044138685347569617513245272913180041749970866193046624187,0.97,0.98,N/A,N/A
0.085,2025-12-03 16:38:48.057761,price_change,69548848838644424871526436777754773226088153389257359567869426947003702924752,0.02,0.03,N/A,N/A
2876.298,2025-12-03 16:38:48.087483,last_trade_price,402677948367945805044138685347569617513245272913180041749970866193046624187,N/A,N/A,0.97,BUY
1968.103,2025-12-03 16:38:50.025880,price_change,402677948367945805044138685347569617513245272913180041749970866193046624187,0.96,0.98,N/A,N/A
1977.024,2025-12-03 16:38:50.064511,last_trade_price,69548848838644424871526436777754773226088153389257359567869426947003702924752,N/A,N/A,0.03,BUY
52.274,2025-12-03 16:38:50.078149,price_change,69548848838644424871526436777754773226088153389257359567869426947003702924752,0.02,0.04,N/A,N/A
151.289,2025-12-03 16:38:50.229435,price_change,402677948367945805044138685347569617513245272913180041749970866193046624187,0.96,0.97,N/A,N/A
348.235,2025-12-03 16:38:50.412745,last_trade_price,402677948367945805044138685347569617513245272913180041749970866193046624187,N/A,N/A,0.97,BUY
532.658,2025-12-03 16:38:50.945403,last_trade_price,69548848838644424871526436777754773226088153389257359567869426947003702924752,N/A,N/A,0.03,SELL
1098.909,2025-12-03 16:38:51.328343,price_change,402677948367945805044138685347569617513245272913180041749970866193046624187,0.96,0.98,N/A,N/A
1.390,2025-12-03 16:38:51.329729,price_change,402677948367945805044138685347569617513245272913180041749970866193046624187,0.97,0.98,N/A,N/A
109.226,2025-12-03 16:38:51.438957,price_change,69548848838644424871526436777754773226088153389257359567869426947003702924752,0.02,0.03,N/A,N/A
951.046,2025-12-03 16:38:52.390007,price_change,402677948367945805044138685347569617513245272913180041749970866193046624187,0.96,0.98,N/A,N/A
24.350,2025-12-03 16:38:52.414373,price_change,69548848838644424871526436777754773226088153389257359567869426947003702924752,0.02,0.04,N/A,N/A
267.179,2025-12-03 16:38:52.681549,price_change,402677948367945805044138685347569617513245272913180041749970866193046624187,0.96,0.97,N/A,N/A
65.848,2025-12-03 16:38:52.747401,price_change,402677948367945805044138685347569617513245272913180041749970866193046624187,0.96,0.98,N/A,N/A
1816.204,2025-12-03 16:38:52.761613,last_trade_price,402677948367945805044138685347569617513245272913180041749970866193046624187,N/A,N/A,0.97,BUY
439.971,2025-12-03 16:38:53.187369,price_change,69548848838644424871526436777754773226088153389257359567869426947003702924752,0.02,0.03,N/A,N/A
279.945,2025-12-03 16:38:53.467323,price_change,402677948367945805044138685347569617513245272913180041749970866193046624187,0.97,0.98,N/A,N/A
4034.803,2025-12-03 16:38:56.796413,last_trade_price,402677948367945805044138685347569617513245272913180041749970866193046624187,N/A,N/A,0.98,BUY
0.686,2025-12-03 16:50:04.953185,price_change,105303519141156126597994413744067342207274087598379684257383439577819586745915,0.91,0.92,N/A,N/A
186.491,2025-12-03 16:50:05.139680,price_change,62821584999194204677030312357514625732120653880941433118379705851963857868115,0.08,0.09,N/A,N/A
1.990,2025-12-03 16:50:05.141668,price_change,62821584999194204677030312357514625732120653880941433118379705851963857868115,0.11,0.12,N/A,N/A
0.075,2025-12-03 16:50:05.141722,price_change,105303519141156126597994413744067342207274087598379684257383439577819586745915,0.88,0.89,N/A,N/A
211.275,2025-12-03 16:50:05.163754,last_trade_price,105303519141156126597994413744067342207274087598379684257383439577819586745915,N/A,N/A,0.92,BUY
45.230,2025-12-03 16:50:05.208985,last_trade_price,62821584999194204677030312357514625732120653880941433118379705851963857868115,N/A,N/A,0.1,BUY
48.123,2025-12-03 16:50:05.257108,last_trade_price,105303519141156126597994413744067342207274087598379684257383439577819586745915,N/A,N/A,0.89,BUY
38.819,2025-12-03 16:50:05.295928,last_trade_price,105303519141156126597994413744067342207274087598379684257383439577819586745915,N/A,N/A,0.89,BUY
65.592,2025-12-03 16:50:05.361525,last_trade_price,105303519141156126597994413744067342207274087598379684257383439577819586745915,N/A,N/A,0.89,BUY
272.856,2025-12-03 16:50:05.414586,price_change,105303519141156126597994413744067342207274087598379684257383439577819586745915,0.88,0.92,N/A,N/A
5.981,2025-12-03 16:50:05.420564,price_change,62821584999194204677030312357514625732120653880941433118379705851963857868115,0.08,0.12,N/A,N/A
21.610,2025-12-03 16:50:05.442186,price_change,105303519141156126597994413744067342207274087598379684257383439577819586745915,0.88,0.91,N/A,N/A
14.527,2025-12-03 16:50:05.456700,price_change,105303519141156126597994413744067342207274087598379684257383439577819586745915,0.9,0.91,N/A,N/A
9.901,2025-12-03 16:50:05.466603,price_change,62821584999194204677030312357514625732120653880941433118379705851963857868115,0.09,0.1,N/A,N/A
535.345,2025-12-03 16:50:05.896886,last_trade_price,105303519141156126597994413744067342207274087598379684257383439577819586745915,N/A,N/A,0.91,BUY
59.312,2025-12-03 16:50:05.956181,last_trade_price,62821584999194204677030312357514625732120653880941433118379705851963857868115,N/A,N/A,0.09,SELL
525.842,2025-12-03 16:50:05.992461,price_change,105303519141156126597994413744067342207274087598379684257383439577819586745915,0.88,0.91,N/A,N/A
26.500,2025-12-03 16:50:06.018946,price_change,62821584999194204677030312357514625732120653880941433118379705851963857868115,0.09,0.12,N/A,N/A
82.485,2025-12-03 16:50:06.038661,last_trade_price,62821584999194204677030312357514625732120653880941433118379705851963857868115,N/A,N/A,0.12,BUY
27.459,2025-12-03 16:50:06.066120,last_trade_price,105303519141156126597994413744067342207274087598379684257383439577819586745915,N/A,N/A,0.88,SELL
49.548,2025-12-03 16:50:06.068492,price_change,62821584999194204677030312357514625732120653880941433118379705851963857868115,0.09,0.1,N/A,N/A
4.013,2025-12-03 16:50:06.070131,last_trade_price,105303519141156126597994413744067342207274087598379684257383439577819586745915,N/A,N/A,0.91,BUY
42.360,2025-12-03 16:50:06.110855,price_change,105303519141156126597994413744067342207274087598379684257383439577819586745915,0.9,0.91,N/A,N/A
160.186,2025-12-03 16:50:06.230322,last_trade_price,105303519141156126597994413744067342207274087598379684257383439577819586745915,N/A,N/A,0.91,BUY
4.096,2025-12-03 16:50:06.234416,last_trade_price,105303519141156126597994413744067342207274087598379684257383439577819586745915,N/A,N/A,0.9,SELL
16.291,2025-12-03 16:50:06.250708,last_trade_price,105303519141156126597994413744067342207274087598379684257383439577819586745915,N/A,N/A,0.9,SELL
5.006,2025-12-03 16:50:06.255712,last_trade_price,105303519141156126597994413744067342207274087598379684257383439577819586745915,N/A,N/A,0.9,SELL
213.187,2025-12-03 16:50:06.324040,price_change,62821584999194204677030312357514625732120653880941433118379705851963857868115,0.1,0.12,N/A,N/A
92.014,2025-12-03 16:50:06.347726,last_trade_price,62821584999194204677030312357514625732120653880941433118379705851963857868115,N/A,N/A,0.1,BUY
12.597,2025-12-03 16:50:06.360325,last_trade_price,62821584999194204677030312357514625732120653880941433118379705851963857868115,N/A,N/A,0.1,BUY
39.985,2025-12-03 16:50:06.364031,price_change,105303519141156126597994413744067342207274087598379684257383439577819586745915,0.88,0.9,N/A,N/A
0.859,2025-12-03 16:50:06.364883,price_change,105303519141156126597994413744067342207274087598379684257383439577819586745915,0.89,0.9,N/A,N/A
57.687,2025-12-03 16:50:06.418016,last_trade_price,105303519141156126597994413744067342207274087598379684257383439577819586745915,N/A,N/A,0.9,BUY
531.603,2025-12-03 16:50:06.949614,last_trade_price,105303519141156126597994413744067342207274087598379684257383439577819586745915,N/A,N/A,0.9,BUY
110.373,2025-12-03 16:50:07.059991,last_trade_price,105303519141156126597994413744067342207274087598379684257383439577819586745915,N/A,N/A,0.9,BUY
1032.995,2025-12-03 16:50:08.092988,last_trade_price,62821584999194204677030312357514625732120653880941433118379705851963857868115,N/A,N/A,0.11,BUY
455.808,2025-12-03 16:50:08.548793,last_trade_price,105303519141156126597994413744067342207274087598379684257383439577819586745915,N/A,N/A,0.9,BUY
979.429,2025-12-03 16:50:09.528220,last_trade_price,105303519141156126597994413744067342207274087598379684257383439577819586745915,N/A,N/A,0.9,BUY
719.983,2025-12-03 16:50:10.248206,last_trade_price,62821584999194204677030312357514625732120653880941433118379705851963857868115,N/A,N/A,0.11,BUY
4135.936,2025-12-03 16:50:10.500839,price_change,105303519141156126597994413744067342207274087598379684257383439577819586745915,0.88,0.9,N/A,N/A
276.242,2025-12-03 16:50:10.524451,last_trade_price,62821584999194204677030312357514625732120653880941433118379705851963857868115,N/A,N/A,0.11,BUY
57.945,2025-12-03 16:50:10.558782,price_change,105303519141156126597994413744067342207274087598379684257383439577819586745915,0.89,0.9,N/A,N/A
148.768,2025-12-03 16:50:10.673212,last_trade_price,105303519141156126597994413744067342207274087598379684257383439577819586745915,N/A,N/A,0.89,SELL
133.128,2025-12-03 16:50:10.691890,price_change,105303519141156126597994413744067342207274087598379684257383439577819586745915,0.88,0.9,N/A,N/A
151.082,2025-12-03 16:50:10.842982,price_change,105303519141156126597994413744067342207274087598379684257383439577819586745915,0.87,0.9,N/A,N/A
1.516,2025-12-03 16:50:10.844490,price_change,105303519141156126597994413744067342207274087598379684257383439577819586745915,0.89,0.9,N/A,N/A
132.112,2025-12-03 16:50:10.976611,price_change,62821584999194204677030312357514625732120653880941433118379705851963857868115,0.09,0.1,N/A,N/A
0.084,2025-12-03 16:50:10.976681,price_change,105303519141156126597994413744067342207274087598379684257383439577819586745915,0.9,0.91,N/A,N/A
353.571,2025-12-03 16:50:11.026783,last_trade_price,62821584999194204677030312357514625732120653880941433118379705851963857868115,N/A,N/A,0.1,SELL
15.366,2025-12-03 16:50:11.042154,last_trade_price,105303519141156126597994413744067342207274087598379684257383439577819586745915,N/A,N/A,0.9,SELL
143.339,2025-12-03 16:50:11.185488,last_trade_price,105303519141156126597994413744067342207274087598379684257383439577819586745915,N/A,N/A,0.9,SELL
19.284,2025-12-03 16:50:11.204770,last_trade_price,105303519141156126597994413744067342207274087598379684257383439577819586745915,N/A,N/A,0.9,SELL
10.150,2025-12-03 16:50:11.214919,last_trade_price,105303519141156126597994413744067342207274087598379684257383439577819586745915,N/A,N/A,0.9,SELL
365.703,2025-12-03 16:50:11.342395,price_change,105303519141156126597994413744067342207274087598379684257383439577819586745915,0.89,0.91,N/A,N/A
206.802,2025-12-03 16:50:11.421724,last_trade_price,105303519141156126597994413744067342207274087598379684257383439577819586745915,N/A,N/A,0.89,SELL
282.933,2025-12-03 16:50:11.625336,price_change,62821584999194204677030312357514625732120653880941433118379705851963857868115,0.1,0.11,N/A,N/A
6.212,2025-12-03 16:50:23.989529,price_change,62821584999194204677030312357514625732120653880941433118379705851963857868115,0.09,0.1,N/A,N/A
34.037,2025-12-03 16:50:24.023550,price_change,105303519141156126597994413744067342207274087598379684257383439577819586745915,0.9,0.91,N/A,N/A
333.156,2025-12-03 16:50:24.316451,last_trade_price,105303519141156126597994413744067342207274087598379684257383439577819586745915,N/A,N/A,0.9,SELL
7.343,2025-12-03 16:50:24.323789,last_trade_price,105303519141156126597994413744067342207274087598379684257383439577819586745915,N/A,N/A,0.9,SELL
1307.668,2025-12-03 16:50:25.631465,last_trade_price,105303519141156126597994413744067342207274087598379684257383439577819586745915,N/A,N/A,0.91,BUY
792.937,2025-12-03 16:50:26.424398,last_trade_price,62821584999194204677030312357514625732120653880941433118379705851963857868115,N/A,N/A,0.09,SELL
770.917,2025-12-03 16:50:27.195314,last_trade_price,62821584999194204677030312357514625732120653880941433118379705851963857868115,N/A,N/A,0.1,BUY
3184.970,2025-12-03 16:50:27.208520,price_change,105303519141156126597994413744067342207274087598379684257383439577819586745915,0.91,0.92,N/A,N/A
0.322,2025-12-03 16:50:27.208835,price_change,62821584999194204677030312357514625732120653880941433118379705851963857868115,0.08,0.09,N/A,N/A
23.731,2025-12-03 16:50:27.219039,last_trade_price,62821584999194204677030312357514625732120653880941433118379705851963857868115,N/A,N/A,0.09,SELL
20.354,2025-12-03 16:50:27.239397,last_trade_price,105303519141156126597994413744067342207274087598379684257383439577819586745915,N/A,N/A,0.91,BUY
715.479,2025-12-03 16:50:27.954880,last_trade_price,105303519141156126597994413744067342207274087598379684257383439577819586745915,N/A,N/A,0.92,BUY
829.041,2025-12-03 16:50:28.037879,price_change,62821584999194204677030312357514625732120653880941433118379705851963857868115,0.09,0.1,N/A,N/A
0.078,2025-12-03 16:50:28.037948,price_change,105303519141156126597994413744067342207274087598379684257383439577819586745915,0.9,0.91,N/A,N/A
107.080,2025-12-03 16:50:28.061957,last_trade_price,105303519141156126597994413744067342207274087598379684257383439577819586745915,N/A,N/A,0.92,BUY
26.643,2025-12-03 16:50:28.064607,price_change,105303519141156126597994413744067342207274087598379684257383439577819586745915,0.89,0.91,N/A,N/A
7.062,2025-12-03 16:50:28.069012,last_trade_price,62821584999194204677030312357514625732120653880941433118379705851963857868115,N/A,N/A,0.09,BUY
19.852,2025-12-03 16:50:28.088866,last_trade_price,105303519141156126597994413744067342207274087598379684257383439577819586745915,N/A,N/A,0.91,BUY
14.014,2025-12-03 16:50:28.102882,last_trade_price,62821584999194204677030312357514625732120653880941433118379705851963857868115,N/A,N/A,0.1,BUY
273.915,2025-12-03 16:50:28.338510,price_change,105303519141156126597994413744067342207274087598379684257383439577819586745915,0.9,0.91,N/A,N/A
1056.194,2025-12-03 16:50:29.159080,last_trade_price,105303519141156126597994413744067342207274087598379684257383439577819586745915,N/A,N/A,0.91,BUY
149.651,2025-12-03 16:50:29.308732,last_trade_price,62821584999194204677030312357514625732120653880941433118379705851963857868115,N/A,N/A,0.09,SELL
1108.596,2025-12-03 16:50:29.447113,price_change,105303519141156126597994413744067342207274087598379684257383439577819586745915,0.9,0.92,N/A,N/A
154.232,2025-12-03 16:50:29.601356,price_change,105303519141156126597994413744067342207274087598379684257383439577819586745915,0.9,0.91,N/A,N/A
1084.786,2025-12-03 16:50:30.393519,last_trade_price,105303519141156126597994413744067342207274087598379684257383439577819586745915,N/A,N/A,0.91,BUY
41.116,2025-12-03 16:50:30.434631,last_trade_price,62821584999194204677030312357514625732120653880941433118379705851963857868115,N/A,N/A,0.09,SELL
1067.524,2025-12-03 16:50:31.502162,last_trade_price,62821584999194204677030312357514625732120653880941433118379705851963857868115,N/A,N/A,0.09,SELL
513.944,2025-12-03 16:50:32.016102,last_trade_price,105303519141156126597994413744067342207274087598379684257383439577819586745915,N/A,N/A,0.91,BUY
268.436,2025-12-03 16:50:32.284541,last_trade_price,105303519141156126597994413744067342207274087598379684257383439577819586745915,N/A,N/A,0.91,BUY
308.868,2025-12-03 16:50:32.593406,last_trade_price,62821584999194204677030312357514625732120653880941433118379705851963857868115,N/A,N/A,0.09,SELL
3410.213,2025-12-03 16:50:33.011553,price_change,105303519141156126597994413744067342207274087598379684257383439577819586745915,0.9,0.92,N/A,N/A
452.210,2025-12-03 16:50:33.045615,last_trade_price,105303519141156126597994413744067342207274087598379684257383439577819586745915,N/A,N/A,0.92,BUY
126.979,2025-12-03 16:50:33.138534,price_change,105303519141156126597994413744067342207274087598379684257383439577819586745915,0.91,0.92,N/A,N/A
7.262,2025-12-03 16:50:33.145791,price_change,62821584999194204677030312357514625732120653880941433118379705851963857868115,0.08,0.09,N/A,N/A
257.750,2025-12-03 16:50:33.303366,last_trade_price,105303519141156126597994413744067342207274087598379684257383439577819586745915,N/A,N/A,0.91,SELL
341.678,2025-12-03 16:50:33.645044,last_trade_price,62821584999194204677030312357514625732120653880941433118379705851963857868115,N/A,N/A,0.08,SELL
448.315,2025-12-03 16:50:34.093360,last_trade_price,62821584999194204677030312357514625732120653880941433118379705851963857868115,N/A,N/A,0.09,BUY
207.235,2025-12-03 16:50:34.300594,last_trade_price,105303519141156126597994413744067342207274087598379684257383439577819586745915,N/A,N/A,0.91,SELL
1489.650,2025-12-03 16:50:34.635456,price_change,62821584999194204677030312357514625732120653880941433118379705851963857868115,0.09,0.1,N/A,N/A
0.288,2025-12-03 16:50:34.635730,price_change,105303519141156126597994413744067342207274087598379684257383439577819586745915,0.9,0.91,N/A,N/A
370.096,2025-12-03 16:50:34.670690,last_trade_price,105303519141156126597994413744067342207274087598379684257383439577819586745915,N/A,N/A,0.91,BUY
1.537,2025-12-03 16:50:34.672221,last_trade_price,62821584999194204677030312357514625732120653880941433118379705851963857868115,N/A,N/A,0.09,BUY
1.598,2025-12-03 16:50:34.673819,last_trade_price,62821584999194204677030312357514625732120653880941433118379705851963857868115,N/A,N/A,0.09,SELL
167.202,2025-12-03 16:50:34.841025,last_trade_price,105303519141156126597994413744067342207274087598379684257383439577819586745915,N/A,N/A,0.91,BUY
330.535,2025-12-03 16:50:34.966279,price_change,105303519141156126597994413744067342207274087598379684257383439577819586745915,0.9,0.92,N/A,N/A
3.776,2025-12-03 16:50:34.970044,price_change,105303519141156126597994413744067342207274087598379684257383439577819586745915,0.91,0.92,N/A,N/A
0.129,2025-12-03 16:50:34.970170,price_change,105303519141156126597994413744067342207274087598379684257383439577819586745915,0.9,0.91,N/A,N/A
143.199,2025-12-03 16:50:34.984219,last_trade_price,105303519141156126597994413744067342207274087598379684257383439577819586745915,N/A,N/A,0.91,SELL
229.564,2025-12-03 16:50:35.213789,last_trade_price,62821584999194204677030312357514625732120653880941433118379705851963857868115,N/A,N/A,0.09,SELL
904.553,2025-12-03 16:50:36.118359,last_trade_price,105303519141156126597994413744067342207274087598379684257383439577819586745915,N/A,N/A,0.91,BUY
1410.047,2025-12-03 16:50:36.380227,price_change,105303519141156126597994413744067342207274087598379684257383439577819586745915,0.9,0.92,N/A,N/A
207.144,2025-12-03 16:50:36.587378,price_change,62821584999194204677030312357514625732120653880941433118379705851963857868115,0.1,0.11,N/A,N/A
0.102,2025-12-03 16:50:36.587462,price_change,105303519141156126597994413744067342207274087598379684257383439577819586745915,0.89,0.9,N/A,N/A
519.185,2025-12-03 16:50:36.637527,last_trade_price,62821584999194204677030312357514625732120653880941433118379705851963857868115,N/A,N/A,0.1,BUY
134.094,2025-12-03 16:50:36.771623,last_trade_price,62821584999194204677030312357514625732120653880941433118379705851963857868115,N/A,N/A,0.1,SELL
293.890,2025-12-03 16:50:36.881362,price_change,62821584999194204677030312357514625732120653880941433118379705851963857868115,0.08,0.11,N/A,N/A
7.279,2025-12-03 16:50:36.888643,price_change,105303519141156126597994413744067342207274087598379684257383439577819586745915,0.89,0.92,N/A,N/A
2.466,2025-12-03 16:50:36.891106,price_change,105303519141156126597994413744067342207274087598379684257383439577819586745915,0.89,0.91,N/A,N/A
122.684,2025-12-03 16:50:36.894302,last_trade_price,105303519141156126597994413744067342207274087598379684257383439577819586745915,N/A,N/A,0.9,BUY
222.828,2025-12-03 16:50:37.113946,price_change,105303519141156126597994413744067342207274087598379684257383439577819586745915,0.89,0.92,N/A,N/A
248.520,2025-12-03 16:50:37.142828,last_trade_price,62821584999194204677030312357514625732120653880941433118379705851963857868115,N/A,N/A,0.09,SELL
232.202,2025-12-03 16:50:37.346146,price_change,105303519141156126597994413744067342207274087598379684257383439577819586745915,0.9,0.92,N/A,N/A
428.415,2025-12-03 16:50:37.571240,last_trade_price,105303519141156126597994413744067342207274087598379684257383439577819586745915,N/A,N/A,0.9,SELL
252.108,2025-12-03 16:50:37.598259,price_change,105303519141156126597994413744067342207274087598379684257383439577819586745915,0.9,0.91,N/A,N/A
390.727,2025-12-03 16:50:37.988984,price_change,105303519141156126597994413744067342207274087598379684257383439577819586745915,0.88,0.89,N/A,N/A
0.108,2025-12-03 16:50:37.989068,price_change,62821584999194204677030312357514625732120653880941433118379705851963857868115,0.11,0.12,N/A,N/A
482.291,2025-12-03 16:50:38.053534,last_trade_price,62821584999194204677030312357514625732120653880941433118379705851963857868115,N/A,N/A,0.1,BUY
61.292,2025-12-03 16:50:38.114826,last_trade_price,105303519141156126597994413744067342207274087598379684257383439577819586745915,N/A,N/A,0.89,BUY
226.859,2025-12-03 16:50:38.215946,price_change,105303519141156126597994413744067342207274087598379684257383439577819586745915,0.92,0.93,N/A,N/A
0.304,2025-12-03 16:50:38.216233,price_change,62821584999194204677030312357514625732120653880941433118379705851963857868115,0.07,0.08,N/A,N/A
132.947,2025-12-03 16:50:38.247765,last_trade_price,105303519141156126597994413744067342207274087598379684257383439577819586745915,N/A,N/A,0.92,BUY
104.450,2025-12-03 16:50:38.320687,price_change,105303519141156126597994413744067342207274087598379684257383439577819586745915,0.89,0.93,N/A,N/A
0.670,2025-12-03 16:50:38.321354,price_change,62821584999194204677030312357514625732120653880941433118379705851963857868115,0.07,0.11,N/A,N/A
56.126,2025-12-03 16:50:38.377483,price_change,105303519141156126597994413744067342207274087598379684257383439577819586745915,0.9,0.93,N/A,N/A
508.099,2025-12-03 16:50:38.885604,price_change,105303519141156126597994413744067342207274087598379684257383439577819586745915,0.9,0.92,N/A,N/A
0.375,2025-12-03 16:50:38.885956,price_change,105303519141156126597994413744067342207274087598379684257383439577819586745915,0.9,0.91,N/A,N/A
0.099,2025-12-03 16:50:38.886053,price_change,62821584999194204677030312357514625732120653880941433118379705851963857868115,0.09,0.1,N/A,N/A
3.695,2025-12-03 16:50:38.889750,price_change,105303519141156126597994413744067342207274087598379684257383439577819586745915,0.9,0.92,N/A,N/A
724.340,2025-12-03 16:50:38.972109,last_trade_price,105303519141156126597994413744067342207274087598379684257383439577819586745915,N/A,N/A,0.92,BUY
310.396,2025-12-03 16:50:39.200153,price_change,105303519141156126597994413744067342207274087598379684257383439577819586745915,0.9,0.91,N/A,N/A
4344.048,2025-12-03 16:50:43.544212,price_change,62821584999194204677030312357514625732120653880941433118379705851963857868115,0.1,0.11,N/A,N/A
0.324,2025-12-03 16:50:43.544518,price_change,105303519141156126597994413744067342207274087598379684257383439577819586745915,0.89,0.9,N/A,N/A
4604.264,2025-12-03 16:50:43.576372,last_trade_price,62821584999194204677030312357514625732120653880941433118379705851963857868115,N/A,N/A,0.1,BUY
275.022,2025-12-03 16:50:43.819549,price_change,62821584999194204677030312357514625732120653880941433118379705851963857868115,0.09,0.11,N/A,N/A
26.702,2025-12-03 16:50:43.846262,price_change,105303519141156126597994413744067342207274087598379684257383439577819586745915,0.89,0.91,N/A,N/A
355.788,2025-12-03 16:50:44.202042,price_change,105303519141156126597994413744067342207274087598379684257383439577819586745915,0.9,0.91,N/A,N/A
1041.352,2025-12-03 16:50:44.617729,last_trade_price,105303519141156126597994413744067342207274087598379684257383439577819586745915,N/A,N/A,0.91,BUY
180.068,2025-12-03 16:50:44.797793,last_trade_price,105303519141156126597994413744067342207274087598379684257383439577819586745915,N/A,N/A,0.91,BUY
396.255,2025-12-03 16:50:45.194054,last_trade_price,62821584999194204677030312357514625732120653880941433118379705851963857868115,N/A,N/A,0.09,SELL
999.657,2025-12-03 16:50:45.201685,price_change,105303519141156126597994413744067342207274087598379684257383439577819586745915,0.9,0.92,N/A,N/A
80.721,2025-12-03 16:50:45.274768,last_trade_price,105303519141156126597994413744067342207274087598379684257383439577819586745915,N/A,N/A,0.91,BUY
269.219,2025-12-03 16:50:45.470913,price_change,105303519141156126597994413744067342207274087598379684257383439577819586745915,0.89,0.9,N/A,N/A
0.079,2025-12-03 16:50:45.470981,price_change,62821584999194204677030312357514625732120653880941433118379705851963857868115,0.1,0.11,N/A,N/A
231.566,2025-12-03 16:50:45.506336,last_trade_price,105303519141156126597994413744067342207274087598379684257383439577819586745915,N/A,N/A,0.9,SELL
18.750,2025-12-03 16:50:45.525085,last_trade_price,105303519141156126597994413744067342207274087598379684257383439577819586745915,N/A,N/A,0.9,BUY
360.686,2025-12-03 16:50:45.831677,price_change,105303519141156126597994413744067342207274087598379684257383439577819586745915,0.89,0.91,N/A,N/A
396.303,2025-12-03 16:50:46.227990,price_change,62821584999194204677030312357514625732120653880941433118379705851963857868115,0.09,0.11,N/A,N/A
994.435,2025-12-03 16:50:47.222429,price_change,105303519141156126597994413744067342207274087598379684257383439577819586745915,0.9,0.91,N/A,N/A
2290.895,2025-12-03 16:50:47.815981,last_trade_price,62821584999194204677030312357514625732120653880941433118379705851963857868115,N/A,N/A,0.09,SELL
730.371,2025-12-03 16:50:47.952793,price_change,62821584999194204677030312357514625732120653880941433118379705851963857868115,0.11,0.12,N/A,N/A
0.151,2025-12-03 16:50:47.952928,price_change,105303519141156126597994413744067342207274087598379684257383439577819586745915,0.88,0.89,N/A,N/A
161.707,2025-12-03 16:50:47.977682,last_trade_price,105303519141156126597994413744067342207274087598379684257383439577819586745915,N/A,N/A,0.91,BUY
11.417,2025-12-03 16:50:47.989100,last_trade_price,62821584999194204677030312357514625732120653880941433118379705851963857868115,N/A,N/A,0.11,BUY
679.043,2025-12-03 16:50:48.668149,last_trade_price,105303519141156126597994413744067342207274087598379684257383439577819586745915,N/A,N/A,0.89,BUY
745.229,2025-12-03 16:50:48.698169,price_change,105303519141156126597994413744067342207274087598379684257383439577819586745915,0.89,0.9,N/A,N/A
6.583,2025-12-03 16:50:48.704748,price_change,105303519141156126597994413744067342207274087598379684257383439577819586745915,0.89,0.91,N/A,N/A
0.267,2025-12-03 16:50:48.705009,price_change,62821584999194204677030312357514625732120653880941433118379705851963857868115,0.09,0.11,N/A,N/A
66.380,2025-12-03 16:50:48.734531,last_trade_price,105303519141156126597994413744067342207274087598379684257383439577819586745915,N/A,N/A,0.9,BUY
12.648,2025-12-03 16:50:48.747174,last_trade_price,105303519141156126597994413744067342207274087598379684257383439577819586745915,N/A,N/A,0.89,BUY
118.683,2025-12-03 16:50:48.823701,price_change,105303519141156126597994413744067342207274087598379684257383439577819586745915,0.89,0.9,N/A,N/A
25.801,2025-12-03 16:50:48.849509,price_change,62821584999194204677030312357514625732120653880941433118379705851963857868115,0.1,0.11,N/A,N/A
604.053,2025-12-03 16:50:49.453548,price_change,62821584999194204677030312357514625732120653880941433118379705851963857868115,0.09,0.11,N/A,N/A
4.387,2025-12-03 16:50:49.457935,price_change,105303519141156126597994413744067342207274087598379684257383439577819586745915,0.89,0.91,N/A,N/A
734.298,2025-12-03 16:50:49.481472,last_trade_price,105303519141156126597994413744067342207274087598379684257383439577819586745915,N/A,N/A,0.91,BUY
127.511,2025-12-03 16:50:49.608989,last_trade_price,105303519141156126597994413744067342207274087598379684257383439577819586745915,N/A,N/A,0.91,BUY
875.681,2025-12-03 16:50:50.333634,price_change,62821584999194204677030312357514625732120653880941433118379705851963857868115,0.1,0.11,N/A,N/A
18.593,2025-12-03 16:50:50.352219,price_change,105303519141156126597994413744067342207274087598379684257383439577819586745915,0.89,0.9,N/A,N/A
546.415,2025-12-03 16:50:50.898641,price_change,62821584999194204677030312357514625732120653880941433118379705851963857868115,0.09,0.11,N/A,N/A
182.420,2025-12-03 16:50:51.081053,price_change,105303519141156126597994413744067342207274087598379684257383439577819586745915,0.89,0.91,N/A,N/A
2145.716,2025-12-03 16:50:51.754705,last_trade_price,105303519141156126597994413744067342207274087598379684257383439577819586745915,N/A,N/A,0.91,BUY
731.692,2025-12-03 16:50:51.812751,price_change,62821584999194204677030312357514625732120653880941433118379705851963857868115,0.1,0.11,N/A,N/A
53.471,2025-12-03 16:50:51.866225,price_change,105303519141156126597994413744067342207274087598379684257383439577819586745915,0.89,0.9,N/A,N/A
63.547,2025-12-03 16:50:51.929781,price_change,105303519141156126597994413744067342207274087598379684257383439577819586745915,0.89,0.91,N/A,N/A
0.367,2025-12-03 16:50:51.930129,price_change,62821584999194204677030312357514625732120653880941433118379705851963857868115,0.09,0.11,N/A,N/A
203.866,2025-12-03 16:50:51.958568,last_trade_price,105303519141156126597994413744067342207274087598379684257383439577819586745915,N/A,N/A,0.9,BUY
294.115,2025-12-03 16:50:52.224246,price_change,105303519141156126597994413744067342207274087598379684257383439577819586745915,0.9,0.91,N/A,N/A
930.452,2025-12-03 16:50:52.889020,last_trade_price,105303519141156126597994413744067342207274087598379684257383439577819586745915,N/A,N/A,0.91,BUY
850.580,2025-12-03 16:50:53.074833,price_change,105303519141156126597994413744067342207274087598379684257383439577819586745915,0.89,0.91,N/A,N/A
130.541,2025-12-03 16:50:53.205373,price_change,62821584999194204677030312357514625732120653880941433118379705851963857868115,0.1,0.11,N/A,N/A
35.306,2025-12-03 16:50:53.240675,price_change,105303519141156126597994413744067342207274087598379684257383439577819586745915,0.89,0.9,N/A,N/A
866.123,2025-12-03 16:50:53.755139,last_trade_price,62821584999194204677030312357514625732120653880941433118379705851963857868115,N/A,N/A,0.1,SELL
495.137,2025-12-03 16:50:54.250282,last_trade_price,62821584999194204677030312357514625732120653880941433118379705851963857868115,N/A,N/A,0.11,BUY
408.542,2025-12-03 16:50:54.658823,last_trade_price,62821584999194204677030312357514625732120653880941433118379705851963857868115,N/A,N/A,0.11,BUY
36.667,2025-12-03 16:50:54.695487,last_trade_price,105303519141156126597994413744067342207274087598379684257383439577819586745915,N/A,N/A,0.9,BUY
3169.336,2025-12-03 16:50:56.410013,price_change,62821584999194204677030312357514625732120653880941433118379705851963857868115,0.09,0.11,N/A,N/A
0.555,2025-12-03 16:50:56.410551,price_change,105303519141156126597994413744067342207274087598379684257383439577819586745915,0.89,0.91,N/A,N/A
1743.620,2025-12-03 16:50:56.439106,last_trade_price,62821584999194204677030312357514625732120653880941433118379705851963857868115,N/A,N/A,0.1,SELL
253.400,2025-12-03 16:50:56.663959,price_change,105303519141156126597994413744067342207274087598379684257383439577819586745915,0.9,0.91,N/A,N/A
783.426,2025-12-03 16:50:57.222532,last_trade_price,62821584999194204677030312357514625732120653880941433118379705851963857868115,N/A,N/A,0.1,BUY
589.228,2025-12-03 16:50:57.253188,price_change,62821584999194204677030312357514625732120653880941433118379705851963857868115,0.06,0.1,N/A,N/A
0.290,2025-12-03 16:50:57.253466,price_change,105303519141156126597994413744067342207274087598379684257383439577819586745915,0.9,0.94,N/A,N/A
87.761,2025-12-03 16:50:57.310318,last_trade_price,105303519141156126597994413744067342207274087598379684257383439577819586745915,N/A,N/A,0.93,BUY
92.056,2025-12-03 16:50:57.345526,price_change,62821584999194204677030312357514625732120653880941433118379705851963857868115,0.06,0.09,N/A,N/A
1.046,2025-12-03 16:50:57.346570,price_change,105303519141156126597994413744067342207274087598379684257383439577819586745915,0.91,0.94,N/A,N/A
26.206,2025-12-03 16:50:57.372775,price_change,62821584999194204677030312357514625732120653880941433118379705851963857868115,0.08,0.09,N/A,N/A
2.970,2025-12-03 16:50:57.375749,price_change,105303519141156126597994413744067342207274087598379684257383439577819586745915,0.91,0.92,N/A,N/A
601.068,2025-12-03 16:50:57.911367,last_trade_price,105303519141156126597994413744067342207274087598379684257383439577819586745915,N/A,N/A,0.91,SELL
582.552,2025-12-03 16:50:57.958315,price_change,105303519141156126597994413744067342207274087598379684257383439577819586745915,0.9,0.92,N/A,N/A
0.465,2025-12-03 16:50:57.958780,price_change,62821584999194204677030312357514625732120653880941433118379705851963857868115,0.08,0.1,N/A,N/A
154.902,2025-12-03 16:50:58.113672,price_change,62821584999194204677030312357514625732120653880941433118379705851963857868115,0.06,0.1,N/A,N/A
1.384,2025-12-03 16:50:58.115055,price_change,105303519141156126597994413744067342207274087598379684257383439577819586745915,0.9,0.94,N/A,N/A
0.957,2025-12-03 16:50:58.116007,price_change,105303519141156126597994413744067342207274087598379684257383439577819586745915,0.9,0.92,N/A,N/A
4.284,2025-12-03 16:50:58.120291,price_change,62821584999194204677030312357514625732120653880941433118379705851963857868115,0.08,0.1,N/A,N/A
69.748,2025-12-03 16:50:58.190044,price_change,105303519141156126597994413744067342207274087598379684257383439577819586745915,0.9,0.91,N/A,N/A
502.451,2025-12-03 16:50:58.413812,last_trade_price,62821584999194204677030312357514625732120653880941433118379705851963857868115,N/A,N/A,0.09,SELL
274.290,2025-12-03 16:50:58.688102,last_trade_price,105303519141156126597994413744067342207274087598379684257383439577819586745915,N/A,N/A,0.9,SELL
9.797,2025-12-03 16:50:58.697905,last_trade_price,105303519141156126597994413744067342207274087598379684257383439577819586745915,N/A,N/A,0.9,SELL
15.051,2025-12-03 16:50:58.712944,last_trade_price,105303519141156126597994413744067342207274087598379684257383439577819586745915,N/A,N/A,0.89,SELL
27.004,2025-12-03 16:50:58.739954,last_trade_price,62821584999194204677030312357514625732120653880941433118379705851963857868115,N/A,N/A,0.11,BUY
11.325,2025-12-03 16:50:58.751278,last_trade_price,62821584999194204677030312357514625732120653880941433118379705851963857868115,N/A,N/A,0.11,BUY
563.102,2025-12-03 16:50:58.753138,price_change,105303519141156126597994413744067342207274087598379684257383439577819586745915,0.89,0.91,N/A,N/A
3.113,2025-12-03 16:50:58.756254,price_change,62821584999194204677030312357514625732120653880941433118379705851963857868115,0.1,0.11,N/A,N/A
46.367,2025-12-03 16:50:58.802630,price_change,105303519141156126597994413744067342207274087598379684257383439577819586745915,0.89,0.9,N/A,N/A
6.206,2025-12-03 16:50:58.808823,price_change,105303519141156126597994413744067342207274087598379684257383439577819586745915,0.87,0.9,N/A,N/A
0.081,2025-12-03 16:50:58.808904,price_change,62821584999194204677030312357514625732120653880941433118379705851963857868115,0.1,0.13,N/A,N/A
5.902,2025-12-03 16:50:58.814809,price_change,105303519141156126597994413744067342207274087598379684257383439577819586745915,0.89,0.9,N/A,N/A
0.040,2025-12-03 16:50:58.814846,price_change,105303519141156126597994413744067342207274087598379684257383439577819586745915,0.87,0.9,N/A,N/A
0.013,2025-12-03 17:00:07.673945,last_trade_price,25552646069828332666563661693471018445504182318406302801770367869674875200490,N/A,N/A,0.41,BUY
35.621,2025-12-03 17:00:07.709567,price_change,25552646069828332666563661693471018445504182318406302801770367869674875200490,0.43,0.46,N/A,N/A
0.060,2025-12-03 17:00:07.709607,price_change,51011171592626236245735608737484137449788209167262388888660354626854441910800,0.54,0.57,N/A,N/A
158.379,2025-12-03 17:00:07.867992,price_change,25552646069828332666563661693471018445504182318406302801770367869674875200490,0.41,0.46,N/A,N/A
5.054,2025-12-03 17:00:07.873047,price_change,51011171592626236245735608737484137449788209167262388888660354626854441910800,0.54,0.59,N/A,N/A
7.244,2025-12-03 17:00:07.880293,price_change,25552646069828332666563661693471018445504182318406302801770367869674875200490,0.43,0.46,N/A,N/A
3.695,2025-12-03 17:00:07.883985,price_change,51011171592626236245735608737484137449788209167262388888660354626854441910800,0.54,0.57,N/A,N/A
39.999,2025-12-03 17:00:07.923988,price_change,25552646069828332666563661693471018445504182318406302801770367869674875200490,0.44,0.46,N/A,N/A
84.208,2025-12-03 17:00:08.008197,price_change,25552646069828332666563661693471018445504182318406302801770367869674875200490,0.45,0.46,N/A,N/A
23.163,2025-12-03 17:00:08.031371,price_change,51011171592626236245735608737484137449788209167262388888660354626854441910800,0.54,0.55,N/A,N/A
385.846,2025-12-03 17:00:08.059787,last_trade_price,51011171592626236245735608737484137449788209167262388888660354626854441910800,N/A,N/A,0.55,BUY
183.896,2025-12-03 17:00:08.215263,price_change,25552646069828332666563661693471018445504182318406302801770367869674875200490,0.44,0.46,N/A,N/A
56.975,2025-12-03 17:00:08.272238,price_change,51011171592626236245735608737484137449788209167262388888660354626854441910800,0.54,0.56,N/A,N/A
87.570,2025-12-03 17:00:08.359813,price_change,25552646069828332666563661693471018445504182318406302801770367869674875200490,0.45,0.46,N/A,N/A
11.337,2025-12-03 17:00:08.371140,price_change,51011171592626236245735608737484137449788209167262388888660354626854441910800,0.54,0.55,N/A,N/A
267.091,2025-12-03 17:00:08.638232,price_change,51011171592626236245735608737484137449788209167262388888660354626854441910800,0.53,0.55,N/A,N/A
604.131,2025-12-03 17:00:08.663925,last_trade_price,51011171592626236245735608737484137449788209167262388888660354626854441910800,N/A,N/A,0.55,BUY
6.010,2025-12-03 17:00:08.669930,last_trade_price,25552646069828332666563661693471018445504182318406302801770367869674875200490,N/A,N/A,0.46,BUY
141.463,2025-12-03 17:00:08.779689,price_change,25552646069828332666563661693471018445504182318406302801770367869674875200490,0.46,0.47,N/A,N/A
9.952,2025-12-03 17:00:08.789641,price_change,51011171592626236245735608737484137449788209167262388888660354626854441910800,0.53,0.54,N/A,N/A
170.946,2025-12-03 17:00:08.840874,last_trade_price,51011171592626236245735608737484137449788209167262388888660354626854441910800,N/A,N/A,0.53,SELL
94.333,2025-12-03 17:00:08.935208,last_trade_price,25552646069828332666563661693471018445504182318406302801770367869674875200490,N/A,N/A,0.47,BUY
291.519,2025-12-03 17:00:09.226731,last_trade_price,25552646069828332666563661693471018445504182318406302801770367869674875200490,N/A,N/A,0.47,BUY
6.406,2025-12-03 17:00:09.233127,last_trade_price,25552646069828332666563661693471018445504182318406302801770367869674875200490,N/A,N/A,0.47,BUY
22.404,2025-12-03 17:00:09.255533,last_trade_price,25552646069828332666563661693471018445504182318406302801770367869674875200490,N/A,N/A,0.47,BUY
28.112,2025-12-03 17:00:09.283649,last_trade_price,25552646069828332666563661693471018445504182318406302801770367869674875200490,N/A,N/A,0.47,BUY
43.427,2025-12-03 17:00:09.327079,last_trade_price,25552646069828332666563661693471018445504182318406302801770367869674875200490,N/A,N/A,0.47,BUY
38.810,2025-12-03 17:00:09.365887,last_trade_price,51011171592626236245735608737484137449788209167262388888660354626854441910800,N/A,N/A,0.54,BUY
16.265,2025-12-03 17:00:09.382150,last_trade_price,51011171592626236245735608737484137449788209167262388888660354626854441910800,N/A,N/A,0.53,SELL
105.963,2025-12-03 17:00:09.488111,last_trade_price,25552646069828332666563661693471018445504182318406302801770367869674875200490,N/A,N/A,0.47,BUY
48.531,2025-12-03 17:00:09.536649,last_trade_price,25552646069828332666563661693471018445504182318406302801770367869674875200490,N/A,N/A,0.47,BUY
72.287,2025-12-03 17:00:09.608940,last_trade_price,25552646069828332666563661693471018445504182318406302801770367869674875200490,N/A,N/A,0.47,BUY
925.884,2025-12-03 17:00:09.715541,price_change,25552646069828332666563661693471018445504182318406302801770367869674875200490,0.45,0.47,N/A,N/A
55.725,2025-12-03 17:00:09.771250,price_change,51011171592626236245735608737484137449788209167262388888660354626854441910800,0.53,0.55,N/A,N/A
50.266,2025-12-03 17:00:09.821523,price_change,25552646069828332666563661693471018445504182318406302801770367869674875200490,0.46,0.47,N/A,N/A
57.483,2025-12-03 17:00:09.879005,price_change,51011171592626236245735608737484137449788209167262388888660354626854441910800,0.53,0.54,N/A,N/A
338.661,2025-12-03 17:00:09.947604,last_trade_price,25552646069828332666563661693471018445504182318406302801770367869674875200490,N/A,N/A,0.47,BUY
67.463,2025-12-03 17:00:10.015061,last_trade_price,51011171592626236245735608737484137449788209167262388888660354626854441910800,N/A,N/A,0.54,BUY
199.913,2025-12-03 17:00:10.078914,price_change,25552646069828332666563661693471018445504182318406302801770367869674875200490,0.45,0.47,N/A,N/A
92.184,2025-12-03 17:00:10.107245,last_trade_price,51011171592626236245735608737484137449788209167262388888660354626854441910800,N/A,N/A,0.54,BUY
30.108,2025-12-03 17:00:10.109025,price_change,51011171592626236245735608737484137449788209167262388888660354626854441910800,0.53,0.55,N/A,N/A
490.911,2025-12-03 17:00:10.598154,last_trade_price,51011171592626236245735608737484137449788209167262388888660354626854441910800,N/A,N/A,0.53,SELL
527.737,2025-12-03 17:00:10.636754,price_change,51011171592626236245735608737484137449788209167262388888660354626854441910800,0.54,0.55,N/A,N/A
95.427,2025-12-03 17:00:10.693578,last_trade_price,51011171592626236245735608737484137449788209167262388888660354626854441910800,N/A,N/A,0.55,BUY
9.494,2025-12-03 17:00:10.703068,last_trade_price,51011171592626236245735608737484137449788209167262388888660354626854441910800,N/A,N/A,0.55,BUY
114.365,2025-12-03 17:00:10.751117,price_change,25552646069828332666563661693471018445504182318406302801770367869674875200490,0.44,0.46,N/A,N/A
0.157,2025-12-03 17:00:10.751270,price_change,51011171592626236245735608737484137449788209167262388888660354626854441910800,0.54,0.56,N/A,N/A
9.479,2025-12-03 17:00:10.760753,price_change,51011171592626236245735608737484137449788209167262388888660354626854441910800,0.55,0.56,N/A,N/A
27.827,2025-12-03 17:00:10.788580,price_change,25552646069828332666563661693471018445504182318406302801770367869674875200490,0.44,0.45,N/A,N/A
208.935,2025-12-03 17:00:10.912008,last_trade_price,25552646069828332666563661693471018445504182318406302801770367869674875200490,N/A,N/A,0.45,BUY
20.756,2025-12-03 17:00:10.932759,last_trade_price,51011171592626236245735608737484137449788209167262388888660354626854441910800,N/A,N/A,0.55,SELL
388.167,2025-12-03 17:00:11.176767,price_change,51011171592626236245735608737484137449788209167262388888660354626854441910800,0.54,0.56,N/A,N/A
272.861,2025-12-03 17:00:11.205622,last_trade_price,51011171592626236245735608737484137449788209167262388888660354626854441910800,N/A,N/A,0.54,SELL
50.848,2025-12-03 17:00:11.227602,price_change,51011171592626236245735608737484137449788209167262388888660354626854441910800,0.55,0.56,N/A,N/A
156.269,2025-12-03 17:00:11.361897,last_trade_price,51011171592626236245735608737484137449788209167262388888660354626854441910800,N/A,N/A,0.56,BUY
60.033,2025-12-03 17:00:11.421931,last_trade_price,51011171592626236245735608737484137449788209167262388888660354626854441910800,N/A,N/A,0.56,BUY
